1617 2765
602 183 741 215 LIBER
763 184 819 214 VI.
858 193 940 214 CAP.
957 194 1012 215 xx.
1388 186 1462 224 143

171 277 225 320 Q.
243 278 428 316 Publilius
447 278 587 315 tribuni
608 278 742 327 plebis,
779 277 927 317 “Quid
963 278 1115 314 Patrum
1137 285 1175 314 et
1204 279 1324 327 plebis
1344 288 1463 318 certa-

174 336 302 368 “men
337 331 510 377 facimus,
530 331 628 378 quod
660 331 823 366 civitatis
851 343 934 366 esse
966 331 1144 366 adversus
1174 343 1291 367 unum
1313 334 1463 380 pestife-

174 387 297 420 “rum
335 384 456 419 civem
487 361 625 419 debet?
680 382 788 421 Quid
823 395 910 418 cum
942 383 1051 431 plebe
1082 376 1324 432 aggredimur
1362 397 1460 432 eum,

173 439 198 459 ‘4
214 448 325 484 quem
345 448 411 483 per
431 436 550 484 ipsam
570 435 719 483 plebem
741 435 857 471 tutius
870 435 1025 493 aggredi
1042 442 1112 478 est,
1127 442 1168 471 ut
1183 436 1261 472 suis
1277 436 1356 485 ipse
1372 450 1463 473 one-

144 506 160 531 5
174 491 197 511 “
212 496 315 524 ratus
330 488 471 524 viribus
487 495 569 524 ruat
583 489 596 523 ³
627 488 738 523 Diem
754 488 882 523 dicere
895 488 929 523 ei
944 487 1077 524 nobis
1068 501 1106 524 in
1121 488 1247 524 animo
1259 496 1338 525 est:
1368 490 1462 526 nihil

173 539 337 577 “mimis
355 540 534 589 populare
563 538 675 588 quam
707 552 865 589 regnum
887 546 954 576 est.
1012 540 1133 576 Simul
1167 540 1368 578 multitudo
1401 541 1464 578 illa

172 596 289 630 “non
310 605 441 629 secum
461 593 598 629 certari
627 592 799 638 viderint,
832 599 870 628 et
903 605 950 628 ex
981 593 1173 629 advocatis
1202 593 1353 642 judices
1374 594 1462 630 facti

171 648 196 668 “
212 652 334 692 erunt,
355 652 392 681 et
412 652 653 682 accusatores
683 645 730 680 de
750 644 873 693 plebe,
901 644 1102 693 patricium
1129 658 1235 681 reum
1261 645 1464 683 intuebun-

171 701 195 721 “
212 704 281 743 tur,
303 705 341 734 et
359 698 467 746 regni
487 698 632 734 crimen
653 697 691 734 in
712 697 838 734 medio
855 710 863 742 ;
893 697 987 734 nulli
1007 698 1142 747 magis,
1162 697 1276 746 quam
1296 698 1462 736 libertati

127 765 157 790 10
170 753 195 774 ‘⁶
212 749 391 787 favebunt
410 750 524 787 suae.''

222 855 315 893 XX.
364 856 673 905 Approbantibus
706 856 869 903 cunctis,
890 856 990 893 diem
1012 856 1158 893 Manlio
1177 857 1333 894 dicunt:
1363 858 1462 906 quod

170 909 234 945 ubi
255 916 312 944 est
332 908 485 955 factum,
506 908 628 957 primo
650 916 838 945 commota
869 909 974 957 plebs
1004 917 1073 956 est,
1104 910 1232 958 utique
1266 918 1463 958 postquam

170 961 403 997 sordidatum
423 973 529 996 reum
551 961 750 1004 viderunt,
791 973 864 996 nec
885 974 972 997 cum
1002 974 1047 997 eo
1080 974 1155 998 non
1177 961 1288 998 modo
1308 963 1462 999 Patrum

169 1025 412 1060 quemquam,
434 1013 500 1048 sed
521 1025 569 1049 ne
590 1021 772 1061 cognatos
791 1013 944 1060 quidem
965 1020 1029 1049 aut
1042 1013 1187 1056 affines,
1208 1013 1397 1062 postremo
1414 1027 1463 1051 ne

128 1080 157 1106 15
172 1065 302 1101 fratres
322 1065 489 1113 quidem,
511 1065 559 1101 A.
580 1072 618 1101 et
637 1065 687 1101 T.
710 1064 874 1101 Manlios
892 1078 900 1101 :
948 1065 1046 1113 quod
1068 1066 1114 1101 ad
1135 1078 1222 1102 eum
1244 1066 1345 1102 diem
1365 1080 1464 1103 nun-

169 1130 280 1166 quam
315 1130 385 1153 usu
415 1117 592 1161 venisset,
623 1124 664 1154 ut
697 1118 734 1153 in
765 1124 870 1153 tanto
898 1118 1119 1154 discrimine
1150 1131 1226 1155 non
1246 1126 1285 1155 et
1303 1119 1462 1167 proximi

169 1177 310 1207 vestem
332 1176 521 1206 mutarent
540 1183 548 1206 ε
580 1170 653 1218 Ap.
675 1170 837 1206 Claudio
858 1170 896 1206 in
918 1170 1069 1207 vincula
1089 1171 1217 1215 ducto,
1240 1171 1284 1208 C.
1307 1172 1463 1209 Claudi-

171 1235 233 1259 um
272 1222 470 1259 inimicum
522 1223 797 1271 Claudiamque
842 1236 995 1259 omnem
1041 1230 1195 1272 gentem
1233 1224 1462 1260 sordidatam

172 1275 310 1311 fuisse:
353 1287 542 1311 consensu
573 1275 733 1324 opprimi
766 1276 985 1324 popularem
1019 1276 1152 1318 virum,
1184 1276 1284 1324 quod
1317 1277 1463 1325 primus

125 1340 193 1367 2oa
227 1327 401 1364 Patribus
432 1328 478 1363 ad
509 1328 659 1376 plebem
690 1327 904 1364 defecisset.
960 1328 1095 1367 Quum
1128 1329 1210 1365 dies
1231 1329 1345 1375 venit,
1366 1342 1462 1378 quae,

170 1388 304 1429 praeter
324 1387 444 1416 coetus
464 1380 717 1417 multitudinis
733 1381 1002 1429 seditiosasque
1025 1394 1146 1426 voces,
1167 1388 1205 1418 et
1224 1381 1463 1430 largitionem

171 1440 209 1469 et
229 1433 341 1469 fallax
362 1432 557 1478 indicium,
580 1433 808 1481 pertinentia
833 1434 979 1482 proprie
1010 1434 1055 1470 ad
1087 1434 1193 1482 regni
1224 1434 1381 1480 crimen,
1417 1435 1464 1470 ab

172 1485 456 1521 accusatoribus
474 1485 623 1533 objecta
643 1485 718 1521 sint
738 1498 813 1528 reo,
842 1487 940 1533 apud
975 1486 1168 1522 neminem
1189 1494 1380 1523 auctorem
1408 1487 1464 1523 in-

171 1538 281 1574 venio
299 1550 307 1573 :
337 1550 410 1573 nec
430 1537 562 1574 dubito
582 1538 682 1574 haud
703 1550 816 1585 parva
836 1538 965 1585 fuisse,
995 1551 1109 1586 quum
1132 1539 1339 1575 damnandi
1359 1552 1466 1576 mora

126 1590 271 1638 25plebi
291 1603 369 1626 non
392 1590 428 1626 in
450 1591 575 1636 causa,
611 1590 677 1626 sed
698 1590 735 1626 in
757 1590 853 1636 loco,
876 1590 999 1627 fuerit.
1056 1591 1154 1627 Illud
1176 1592 1385 1628 notandum
1414 1593 1466 1628 vi·

172 1643 293 1686 detur,
314 1651 355 1678 ut
373 1642 496 1678 sciant
516 1643 701 1686 homines,
722 1655 805 1690 quae
826 1650 863 1679 et
882 1650 1022 1701 quanta
1042 1644 1180 1680 decora
1201 1644 1300 1680 foeda
1319 1644 1465 1693 cupidi-

172 1701 228 1730 tas
247 1694 356 1743 regni
377 1706 452 1730 non
487 1694 634 1743 ingrata
663 1695 800 1740 solum,
835 1696 901 1731 sed
933 1696 1053 1731 invisa
1082 1696 1208 1741 etiam,
1242 1697 1463 1734 redidderit.

173 1745 360 1784 Homines
379 1759 491 1795 prope
512 1747 808 1795 quadringentos
842 1748 1062 1795 produxisse
1089 1748 1241 1794 dicitur,
1260 1749 1397 1796 quibus
1417 1749 1464 1785 si-

172 1811 220 1835 ne
241 1798 382 1834 foenore
403 1811 591 1846 expensas
611 1799 793 1847 pecunias
823 1800 980 1845 tulisset,
1015 1813 1173 1848 quorum
1195 1800 1294 1836 bona
1321 1801 1461 1847 venire,

126 1862 263 1899 soquos
283 1851 371 1887 duci
398 1851 569 1887 addictos
602 1851 866 1899 prohibuisset.
925 1831 987 1888 Ad
1018 1853 1113 1898 haec,
1144 1853 1284 1889 decora
1313 1866 1462 1901 quoque

172 1903 259 1940 belli
280 1916 355 1940 non
385 1904 703 1939 commemorasse
725 1904 887 1950 tantum,
910 1904 976 1940 sed
997 1905 1194 1952 protulisse
1225 1905 1339 1941 etiam
1373 1918 1464 1942 con-

171 1956 393 2005 spicienda3
423 1956 540 2004 spolia
560 1956 723 1992 hostium
744 1969 926 1992 caesorum
961 1957 1008 1992 ad
1039 1957 1204 2006 triginta,
1232 1958 1332 1994 dona
1350 1957 1465 2007 impe-

171 2015 336 2045 ratorum
357 2008 404 2044 ad
424 2008 700 2057 quadraginta3
744 2009 783 2044 in
813 2009 950 2057 quibus
971 2009 1140 2058 insignes
1173 2010 1268 2046 duas
1300 2011 1465 2048 murales

172 2073 344 2107 coronas,
365 2061 505 2097 civicas
523 2068 631 2098 octo:
680 2061 726 2097 ad
761 2061 854 2106 haec,
890 2068 1055 2098 servatos
1088 2075 1134 2098 ex
1165 2063 1336 2099 hostibus
1362 2063 1465 2100 cives

127 2124 160 2150 35
172 2113 419 2162 produxisse3
450 2113 547 2150 inter
567 2126 659 2161 quos
679 2113 723 2150 C.
746 2114 948 2150 Servilium
969 2114 1190 2163 magistrum
1212 2115 1381 2163 equitum
1402 2116 1466 2152 ab·

173 2172 318 2201 sentem
338 2165 599 2211 nominatum;
647 2173 685 2202 et
703 2179 818 2214 quum
853 2179 899 2202 ea
935 2179 1093 2215 quoque,
1127 2180 1210 2215 quae
1242 2168 1339 2205 bello
1358 2175 1465 2217 gesta

173 2224 310 2262 essent,
343 2231 410 2267 pro
439 2218 589 2267 fastigio
618 2231 743 2255 rerum
773 2219 942 2256 oratione
972 2220 1086 2255 etiam
1114 2220 1332 2269 magnifica,
1367 2220 1466 2257 sacta

173 2270 286 2306 dictis
306 2271 502 2318 aequando,
524 2271 781 2316 memorasset,
803 2271 968 2308 nudasse
984 2279 1119 2320 pectus
1139 2272 1288 2322 insigne
1315 2273 1466 2310 cicatri-

174 2322 283 2359 cibus
313 2322 411 2359 bello
444 2323 637 2371 acceptis;
683 2331 722 2360 et
755 2323 978 2368 identidem,
1012 2325 1242 2374 Capitolium
1273 2334 1464 2374 spectans,

129 2386 162 2411 40
176 2374 308 2412 Jovem
329 2374 505 2423 Deosque
526 2376 617 2412 alios
636 2376 840 2413 devocasse
871 2377 917 2413 ad
939 2377 1120 2414 auxilium
1152 2377 1385 2415 fortunarum
1406 2390 1467 2413 su-

175 2440 281 2465 arum
301 2440 309 2463 z
338 2434 586 2476 precatusque
606 2441 702 2471 esse,
724 2435 776 2475 ut,
797 2442 908 2477 quam
930 2437 1096 2466 mentem
1117 2430 1188 2466 sibi
1210 2430 1463 2478 Capitolinam

176 2492 302 2518 arcem
322 2481 535 2530 protegenti
556 2480 601 2517 ad
622 2480 779 2518 salutem
800 2482 927 2531 populi
959 2482 1128 2519 Romani
1155 2483 1359 2529 dedissent,
1380 2494 1465 2518 eam
