1617 2765
576 193 713 223 LIBER
738 192 798 224 IX.
827 201 907 222 cAP.
925 201 1008 222 vnr.
1361 196 1434 232 153

161 290 294 327 Romae
322 289 434 326 etiarn
462 296 531 324 sua
559 286 708 323 infamis
736 286 863 322 clades
895 293 985 322 erat.
1058 286 1244 323 Obsessos
1272 287 1433 335 primum

161 343 384 379 audierunt:
414 339 550 376 tristior
569 339 707 375 deinde
741 338 1000 387 ignominiosa}
1020 338 1123 386 pacis
1155 340 1289 387 magis,
1319 339 1434 386 quam

160 394 327 443 periculi,
347 391 502 429 nuntius
522 390 601 427 suit.
658 390 720 426 Ad
741 390 877 426 samam
897 390 1104 426 obsidionis
1133 391 1302 427 delectus
1322 391 1434 427 habe-

160 446 189 482 ri
210 453 354 493 coeptus
372 451 476 479 erat.
505 443 681 478 dimissus
701 442 838 478 deinde
859 442 1084 478 auxiliomm
1105 450 1314 491 apparatus
1338 451 1434 490 post-

131 510 268 545 squam
285 495 513 532 deditionem
548 501 623 530 tam
657 494 753 530 soede
781 493 915 530 factam
937 502 1188 542 acceperunt:
1235 494 1436 542 extemplo-

159 562 230 597 que
251 549 331 585 sine
352 547 426 584 ulla
446 546 597 595 publica
623 545 843 582 auctoritate
877 558 1104 581 consensum
1126 546 1164 582 in
1191 559 1343 583 ornnem
1366 546 1435 582 for—

159 614 257 637 mam
278 601 398 636 luctus
426 606 494 634 est.
553 598 743 634 Tabernae
773 597 876 633 circa
905 597 1025 633 folum
1054 598 1205 645 clausae,
1232 598 1436 648 justitium-

159 665 229 700 que
250 653 289 688 in
309 652 386 688 foro
405 652 471 687 sua
491 657 622 708 sponte
646 656 821 708 coeptum
841 648 957 698 prius,
977 651 1093 707 quam
1114 650 1323 688 indictum:
1371 649 1434 686 lati

158 705 267 750 clavi,
287 703 416 740 annuli
445 703 547 739 aurei
575 702 709 750 positi·
703 730 710 746 ‚
747 714 854 750 paene
875 702 1041 738 moestior
1061 703 1229 740 exercitu
1250 704 1329 753 ipso
1349 701 1436 738 civi-

116 772 146 796 10
160 764 215 793 tas
233 769 341 793 esse:
370 768 442 791 nec
462 755 622 791 ducibus
642 753 758 790 solum
790 761 899 801 atque
933 755 1148 791 auctoribus
1181 756 1437 805 sponsoribus-

159 821 230 856 que
250 808 353 856 pacis
372 807 496 853 irasci,
513 807 577 843 sed
598 806 770 842 innoxios
789 806 901 842 etiam
922 806 1059 842 milites
1077 808 1212 854 odisse,
1241 817 1278 845 ct
1298 818 1436 854 negare

159 860 260 897 Urbe
280 860 435 896 tectisve
455 859 707 907 accipiendos.
763 857 892 896 Quam
913 859 1205 897 concitationem
1226 862 1436 897 animorum

160 912 269 960 fregit
289 912 470 948 adventus
489 911 685 955 exerciffis,
706 910 817 946 etiam
839 910 941 946 iratis
961 911 1205 949 miserabilis:
1240 926 1314 949 non
1335 910 1436 947 enim

158 971 348 1011 tamquam
369 963 407 999 in
428 962 584 1010 patriam
605 969 836 998 revertentes
855 974 901 997 ex
920 962 1109 1010 insperato
1129 964 1350 1010 incolumes,
1371 965 1436 1000 sed

116 1030 146 1054 15
159 1022 353 1063 captorum
374 1014 503 1050 habitu
524 1013 712 1060 vultuque,
736 1013 894 1061 ingressi
915 1014 996 1049 sero
1026 1015 1063 1050 in
1085 1015 1237 1061 Urbem,
1269 1017 1320 1052 ita
1339 1029 1378 1052 se
1398 1017 1436 1052 in

158 1068 235 1103 suis
253 1067 408 1115 quisque
428 1066 538 1102 tectis
558 1065 794 1110 abdiderunt,
829 1072 870 1101 ut
901 1073 1047 1114 postero
1078 1075 1186 1115 atque
1208 1068 1437 1117 insequenti-

159 1119 229 1155 bus
248 1119 382 1155 diebus
402 1131 513 1155 nemo
540 1130 669 1154 eorum
692 1117 809 1154 sorum
835 1125 899 1154 aut
927 1118 1121 1166 publicum
1151 1120 1345 1169 adspicere
1366 1121 1438 1157 vel-

157 1171 220 1208 let.
277 1171 476 1216 Consules,
496 1170 534 1207 in
553 1170 695 1218 privato
724 1170 852 1214 abditi,
874 1171 965 1206 nihil
986 1184 1052 1219 pro
1071 1172 1289 1221 magistratu
1311 1186 1436 1222 agere,

158 1224 230 1260 nisi
250 1224 348 1271 quod
368 1235 584 1271 expressum
611 1223 952 1259 senatus-consulto
983 1230 1052 1270 est,
1083 1231 1123 1260 ut
1141 1225 1361 1262 dictatorem
1384 1226 1438 1262 di-

113 1289 145 1314 so
159 1282 289 1312 cerent
308 1275 544 1312 comitiorum
564 1275 688 1311 causa.
744 1274 795 1313 Q.
816 1274 976 1311 Fabium
999 1276 1227 1313 Ambustum
1248 1278 1436 1324 dixerunt,

158 1335 196 1364 et
215 1327 255 1364 P.
277 1327 418 1364 AElium
441 1327 584 1363 Paetum
606 1326 825 1375 magistrum
845 1327 1035 1374 equitum:
1082 1329 1217 1377 quibus
1250 1330 1338 1366 vitio
1358 1343 1438 1366 cre-

113 1380 241 1428 gatis,
262 1380 408 1416 suffecti
429 1379 483 1416 M.
505 1379 683 1416 AEmilius
709 1378 833 1427 Papus
866 1380 1036 1426 dictator,
1070 1380 1114 1418 L.
1135 1382 1308 1418 Valerius
1329 1382 1438 1419 Flac-

113 1433 137 1460 Ξ
159 1445 225 1468 cus
254 1432 431 1480 magister
462 1431 641 1479 equitum.
697 1431 783 1467 Nec
814 1444 878 1480 per
914 1445 979 1468 eos
1007 1434 1160 1470 comitia
1188 1435 1339 1471 habita:
1387 1442 1437 1478 et,

120 1484 247 1542 ‘Squia
262 1484 423 1520 taedebat
441 1483 618 1532 populum
651 1483 819 1519 omnium
840 1485 1125 1532 magistratuum
1146 1486 1227 1535 ejus
1256 1487 1358 1531 anni,
1379 1499 1438 1523 res

121 1526 204 1572 ad
238 1536 493 1584 interregnum
531 1535 652 1572 rediit.
726 1534 941 1584 Interreges
975 1536 1027 1575 Q.
1060 1537 1201 1574 Fabius
1235 1538 1438 1585 Maximus,

112 1588 136 1634 Ξ
159 1587 211 1625 M.
231 1588 405 1624 Valerius
424 1588 579 1624 Corvus.
635 1587 674 1623 Is
693 1588 866 1624 consules
885 1589 1026 1625 creavit
1054 1589 1106 1628 Q.
1128 1589 1331 1628 Publilium
1352 1590 1439 1627 Phi-

120 1660 136 1675 0
158 1640 282 1676 lonem
302 1646 340 1675 et
359 1639 402 1675 L.
424 1639 613 1688 Papirium
635 1640 837 1676 Cursorem
855 1640 1003 1687 iterum,
1024 1642 1124 1677 haud
1144 1642 1259 1679 dubio
1279 1656 1439 1679 consen-

113 1690 199 1729 {su
221 1691 392 1737 civitatis,
413 1690 513 1739 quod
533 1691 626 1727 nulli
645 1691 692 1727 ea
711 1698 932 1740 tempestate
962 1693 1080 1729 duces
1103 1694 1280 1731 clariores
1299 1704 1437 1732 essent.

210 1795 323 1832 VIII.
368 1795 460 1834 Quo
493 1795 609 1832 creati
630 1802 717 1832 sunt
736 1796 809 1842 die,
829 1809 874 1833 eo
896 1795 968 1844 (sic
988 1797 1089 1834 enim
1110 1798 1303 1847 placuerat
1323 1799 1439 1836 Patri-

113 1862 144 1887 30
158 1847 245 1897 bus)
268 1847 527 1896 magistratum
547 1847 725 1891 inierunt,
752 1849 1045 1897 solennibusque
1078 1850 1439 1888 senatus-consultis

156 1899 346 1948 perfectis,
366 1899 413 1935 de
433 1911 526 1948 pace
547 1899 722 1935 Caudina
752 1901 983 1938 retulerunt:
1030 1909 1066 1938 et
1097 1902 1291 1946 Publilius,
1322 1916 1438 1951 penes

156 1964 267 1999 quem
298 1952 419 1988 fasces
446 1958 565 1994 erant,
597 1958 621 1974 “
638 1951 724 1994 Dic,
747 1953 810 2000 Sp.
832 1952 1040 2000 Postumi,”
1062 1954 1193 2002 inquit.
1266 1955 1348 1994 Qui
1374 1956 1437 1992 ubi

158 2004 329 2050 surrexit,
365 2004 497 2040 eodem
535 2003 597 2040 illo
634 2004 750 2047 vultu,
788 2017 860 2052 quo
897 2005 966 2041 sub
1004 2006 1138 2055 jugum
1178 2007 1314 2043 missus
1345 2016 1436 2054 erat,

159 2055 312 2092 “Haud
341 2068 422 2092 sum
454 2056 643 2104 ignarus‚”
666 2056 798 2104 inquit,
831 2063 854 2079 “
872 2058 1060 2104 consules,
1095 2059 1324 2107 ignominioe,
1362 2073 1437 2096 non

114 2121 147 2146 35
161 2113 186 2130 “
199 2108 349 2144 honoris
363 2108 480 2144 causa
498 2120 556 2143 me
572 2108 733 2155 primum
745 2109 962 2154 excitatum,
972 2109 1193 2159 jussumque
1206 2111 1345 2156 dicere,
1363 2125 1437 2148 non

161 2165 185 2182 ‘⁴
198 2167 384 2208 tamquam
405 2166 630 2209 senatorem,
650 2161 715 2196 sed
729 2168 916 2208 tamquam
933 2175 1038 2198 reum
1061 2165 1133 2210 qua
1157 2163 1318 2200 infelicis
1338 2164 1437 2209 belli,

161 2217 185 2234 ‘⁴
197 2224 272 2260 qua
292 2211 549 2260 ignominiosae
568 2212 682 2260 pacis.
726 2212 808 2261 Ego
824 2221 964 2256 tamen,
981 2215 1130 2262 quando
1146 2228 1268 2263 neque
1281 2216 1327 2252 de
1340 2217 1439 2252 noxa

162 2269 186 2286 “
199 2264 326 2300 nostra
341 2276 462 2311 neque
475 2264 522 2299 de
538 2276 649 2311 poena
661 2265 851 2312 retulistis,
867 2266 1004 2302 omissa
1018 2266 1250 2313 defensione,
1267 2281 1349 2316 quae
1363 2281 1438 2305 non

163 2315 421 2351 “difficillima
435 2322 533 2351 esset
548 2316 645 2364 apud
662 2317 786 2353 haud
779 2330 928 2366 ignaros
942 2318 1173 2355 fortunarum
1188 2298 1437 2356 huinanarum

116 2380 149 2406 4ο
163 2367 553 2414 “necessitatumque,
571 2369 796 2405 sententiam
817 2370 863 2406 de
889 2383 950 2417 ec,
981 2371 1027 2406 de
1047 2384 1120 2419 quo
1139 2372 1328 2417 retulistis
1349 2385 1438 2420 pau-

163 2425 186 2442 “
200 2419 255 2455 cis
273 2431 474 2467 peragam:
503 2431 583 2466 quae
604 2421 791 2457 sententia
810 2423 915 2458 testis
935 2423 1017 2469 erit,
1039 2423 1194 2469 mihine,
1215 2436 1261 2459 an
1282 2423 1439 2471 legioni-

162 2478 184 2494 “
200 2472 267 2507 bus
290 2471 416 2507 vestris
437 2472 681 2520 pepercerim,
711 2485 822 2520 quum
846 2487 905 2510 me
925 2487 990 2511 seu
1021 2475 1118 2523 turpi
1139 2488 1204 2511 seu
1225 2474 1438 2511 necessaria
