1617 2765
138 190 216 228 220
664 186 755 218 Tm
779 186 890 217 Livn

142 283 260 329 factis,
281 283 378 320 inter
398 282 544 319 mitiora
560 281 636 331 jam
658 281 852 318 hominum
887 282 1067 319 transibat
1102 282 1264 332 ingenia.
1321 283 1423 322 Invi-

140 337 238 373 sitati
260 348 421 384 namque
443 342 553 371 antea
583 335 820 383 alienigeniS,
852 346 923 370 nec
943 335 1069 371 videre
1090 336 1158 384 ipsi
1180 336 1362 373 advenam
1384 337 1423 373 in

140 391 207 425 sua
227 390 322 425 terra
344 388 496 433 assueti,
529 387 631 424 omni
661 386 791 435 generi
826 387 992 423 humano
1025 387 1264 425 insociabiles
1290 396 1421 425 erant:

140 448 178 478 et
204 441 324 490 primo
363 440 495 489 ignari,
526 439 600 487 quo
631 439 771 475 Poenus
800 446 984 487 pergeret,
1028 453 1114 476 suas
1142 453 1253 489 rupes
1283 453 1424 489 suaque

139 493 306 536 castella,
349 501 386 529 et
414 505 591 540 pecorum
638 491 907 539 hominumque
946 493 1109 540 praedam
1147 493 1223 540 peti
1253 493 1424 529 credide·
1453 507 1469 531 5

139 553 247 582 rant:
295 545 393 581 sarna
413 544 550 580 deinde
573 544 707 580 Punici
744 544 842 587 belli,
877 557 950 591 quo
982 544 1251 581 duodecimum
1281 558 1423 581 annum

139 598 249 635 Italia
280 598 467 642 urebatur,
503 596 592 632 satis
620 596 836 638 edocuerat,
868 597 963 632 viam
993 596 1140 633 tantum
1168 598 1286 646 Alpes
1315 610 1423 634 esse:

139 651 233 687 duas
266 649 485 698 praevalidas
517 648 641 691 urbeS‚
676 661 813 696 magno
843 648 939 685 inter
968 662 1007 685 se
1028 650 1141 686 maris
1169 658 1424 698 terrarumque

138 703 257 751 spatio
277 703 470 746 discretas,
500 701 547 737 de
577 700 734 748 imperio
753 707 790 736 et
817 701 952 748 opibus
983 710 1140 738 certare.
1198 702 1269 738 Hae
1300 715 1425 738 causae

138 761 364 803 aperuerant
394 753 512 802 Alpes
550 752 793 789 Hasdrubali.
868 753 1072 795 cameram,
1106 755 1203 801 quod
1233 755 1470 792 celeritatem

137 807 283 843 itineris
303 806 514 855 profectum
534 812 626 848 erat,
649 805 685 841 id
703 817 806 840 mora
836 805 881 840 ad
905 804 1151 848 Placentiam,
1179 806 1268 842 dum
1291 806 1427 842 frustra

137 859 283 895 obsidet
322 858 441 907 magis
470 858 582 906 quarn
601 864 804 906 oppugnat,
835 857 1012 906 corrupit.
1070 858 1295 894 Crediderat
1325 871 1427 894 cam-

138 911 271 959 pestris
289 911 415 959 oppidi
438 910 586 946 facilem
613 909 933 958 expugnationem
965 922 1047 946 esse
1066 923 1073 946 :
1113 917 1150 946 et
1170 910 1345 947 nobilitas
1365 923 1426 948 co-

137 964 247 1000 loniae
269 963 469 999 induxerat
488 975 588 1006 eum,
611 975 789 1011 magnum
811 974 851 998 se
880 962 1049 998 exscidio
1080 963 1162 1012 ejus
1183 963 1285 999 urbis
1311 971 1426 1000 terro-

137 1028 216 1052 rem
237 1015 385 1052 caeteris
404 1022 526 1051 ratum
561 1015 802 1063 injecturum.
861 1014 950 1051 Non
982 1015 1102 1063 ipsum
1137 1015 1256 1051 solum
1287 1028 1332 1052 ea
1363 1028 1425 1064 op·
1441 1028 1470 1053 15

137 1068 318 1117 pugnatio
339 1067 533 1116 impediit3
577 1067 642 1103 sed
676 1066 948 1113 Hannibalern,
969 1075 1050 1115 post
1085 1067 1221 1103 samam
1249 1068 1424 1105 transitus

136 1120 218 1169 ejus
238 1119 342 1156 tanto
363 1132 427 1168 spe
448 1121 512 1155 sua
548 1119 781 1161 celeriorem,
817 1118 894 1167 jam
929 1127 1143 1155 moventem
1177 1132 1223 1156 ex
1244 1121 1423 1167 hibernis,

136 1172 403 1215 continuerat3
433 1171 569 1229 quippe
590 1178 842 1228 reputantem,
863 1183 937 1207 non
958 1171 1083 1207 solam
1103 1184 1215 1219 quam
1245 1172 1346 1208 lenta
1367 1186 1425 1209 ur-

140 1224 241 1260 bium
261 1223 491 1272 oppugnatio
512 1230 622 1265 esset,
644 1223 710 1259 sed
730 1222 842 1259 etiam
863 1236 976 1271 quarn
997 1223 1075 1271 ipse
1097 1223 1232 1260 frustra
1251 1225 1425 1261 eamdem

139 1276 236 1312 illam
258 1276 458 1319 coloniam,
480 1275 527 1311 ab
546 1275 689 1312 Trebia
710 1275 826 1312 victor
847 1288 1052 1325 regressus,
1073 1277 1266 1313 tentasset.
1437 1288 1470 1313 20

188 1381 273 1418 XL.
304 1381 504 1424 Consules,
526 1381 683 1418 diversis
702 1381 901 1418 itineribus
921 1381 1078 1430 profecti
1113 1381 1159 1418 ab
1189 1381 1304 1425 Urbe,
1325 1381 1426 1419 velut

137 1434 176 1471 in
196 1434 271 1471 duo
291 1434 429 1482 pariter
450 1434 548 1471 bella
580 1434 840 1470 distenderant
873 1447 983 1470 curas
1003 1434 1210 1480 hominum,
1241 1434 1351 1470 simul
1373 1447 1426 1470 re-

137 1486 388 1529 cordantium,
429 1499 521 1534 quas
559 1486 702 1534 primus
745 1486 929 1522 adventus
971 1486 1200 1522 Hannibalis
1238 1486 1425 1522 intulisset

138 1538 260 1576 Italiae
291 1539 441 1582 clades3
489 1538 614 1584 simul,
634 1551 749 1586 quum
780 1538 843 1574 illa
872 1545 1028 1587 angeret
1056 1550 1160 1584 cura,
1191 1544 1321 1586 “quos
1348 1545 1425 1575 tam

139 1591 354 1639 “propitios
384 1590 467 1626 urbi
496 1597 606 1638 atque
627 1589 784 1639 imperio
805 1590 880 1626 fore
901 1590 1016 1634 Deos,
1045 1597 1085 1626 ut
1103 1591 1237 1627 eodem
1257 1597 1470 1638 tempore25

138 1649 160 1665 “
175 1643 371 1690 utrobique
393 1655 452 1678 res
473 1643 624 1691 publica
643 1644 821 1691 prospere
841 1644 1067 1691 gereretur?
1125 1643 1266 1679 Adhuc
1296 1642 1426 1679 adver-

138 1701 215 1731 “sa
234 1695 414 1731 secundis
435 1695 630 1743 pensando
663 1707 742 1730 rem
763 1695 809 1730 ad
844 1695 881 1731 id
902 1702 1050 1743 tempus
1081 1702 1287 1731 extractam
1319 1707 1423 1731 esse:

137 1753 289 1795 “quum
311 1747 348 1783 in
381 1747 489 1783 Italia
520 1748 566 1783 ad
597 1747 867 1783 Trasimenum
897 1754 935 1783 et
964 1748 1119 1784 Cannas
1152 1747 1426 1796 praecipitasset

136 1799 352 1836 “Romana
371 1812 441 1845 res,
474 1812 651 1848 prospera
681 1799 778 1836 bella
807 1799 844 1836 in
880 1799 1068 1848 Hispania
1101 1800 1310 1848 prolapsam
1341 1812 1424 1836 eam

137 1858 160 1875 ‘⁴
174 1852 340 1888 erexisse
358 1865 366 1887 z
409 1859 551 1900 postea,
581 1865 696 1899 quum
717 1851 756 1888 in
787 1852 976 1900 Hispania
997 1853 1068 1888 alia
1088 1865 1199 1900 super
1219 1852 1330 1888 aliam
1351 1851 1424 1887 cla·
1438 1863 1470 1889 30

136 1904 251 1948 “des,
273 1903 420 1939 duobus
453 1904 617 1952 egregiis
643 1904 805 1940 ducibus
835 1904 994 1946 amissis,
1029 1905 1124 1940 duos
1156 1903 1345 1940 exercitus
1377 1916 1425 1940 ex

134 1957 276 2004 “parte
307 1955 482 1998 delesset,
519 1955 636 1991 multa
668 1956 839 1991 secunda
878 1956 915 1991 in
947 1955 1055 1991 Italia
1085 1956 1289 2003 Siciliaque
1318 1965 1425 2004 gesta

136 2015 383 2056 “quassatam
405 2007 674 2055 rempublicam
709 2007 927 2055 excepisse3
967 2015 1004 2043 et
1038 2007 1158 2056 ipsum
1187 2008 1423 2044 intervallum

136 2067 160 2084 ‘⁴
173 2060 258 2106 loci,
279 2060 378 2108 quod
393 2060 430 2096 in
446 2059 585 2096 ultimis
598 2067 778 2096 terrarum
792 2059 867 2095 oris
883 2059 1039 2095 alterum
1063 2060 1199 2096 bellum
1215 2066 1422 2108 gereretur,

136 2119 160 2136 ‘⁴
173 2113 334 2161 spatium
351 2112 501 2149 dedisse
518 2112 564 2148 ad
582 2111 853 2160 respirandum.
883 2111 999 2148 Nunc
1016 2112 1090 2148 duo
1107 2112 1204 2148 bella
1221 2113 1257 2148 in
1275 2113 1421 2149 Italiam
1436 2125 1468 2150 35

137 2171 160 2188 ‘⁶
175 2172 343 2213 accepta,
375 2165 449 2201 duo
482 2164 718 2201 celeberrimi
749 2164 912 2200 nominis
942 2165 1059 2201 duces
1087 2165 1332 2201 circumstare
1363 2178 1423 2201 ur-

137 2217 259 2253 “bem
281 2217 508 2262 Romanam,
531 2224 568 2253 et
587 2229 704 2252 unum
732 2216 769 2252 in
790 2216 914 2252 locum
949 2224 1064 2253 totam
1085 2217 1243 2266 periculi
1270 2217 1420 2261 molem,

137 2276 285 2306 “omne
322 2282 419 2305 onus
456 2269 698 2305 incubuisse:
745 2268 807 2316 qui
838 2281 968 2305 eorum
1002 2269 1101 2318 prior
1130 2270 1292 2315 vicisset,
1325 2269 1423 2306 intra

138 2328 316 2370 “paucos
335 2322 416 2357 dies
442 2328 565 2357 castra
593 2334 679 2357 curn
710 2321 826 2357 altero
851 2321 1112 2370 juncturum.”
1169 2322 1356 2358 Terrebat
1384 2328 1421 2358 et

136 2374 328 2423 proximus
348 2386 469 2410 annus
490 2373 659 2421 lugubris
679 2374 837 2409 duorum
864 2374 1062 2411 consulum
1085 2374 1290 2411 funeribus.
1347 2373 1420 2410 His
1434 2385 1464 2409 40

137 2426 240 2463 anxii
260 2426 361 2462 curis
381 2425 552 2463 homines
573 2425 830 2474 digredientes
850 2426 887 2462 in
914 2427 1125 2475 provincias
1145 2426 1319 2463 consules
1337 2438 1420 2474 pro-

138 2478 258 2516 secuti
280 2485 376 2516 sunt.
435 2478 630 2515 Memoriae
649 2478 836 2527 proditum
858 2485 926 2523 est,
959 2479 1112 2528 plenum
1143 2479 1267 2516 adhuc
1297 2478 1359 2515 irae
1381 2477 1419 2515 in
