1617 2765
592 188 729 219 LlBER
754 188 794 219 v.
823 196 904 218 cn.
922 197 954 219 1..
1344 188 1417 228 129

186 284 332 322 XLIX.
364 283 440 321 Sed
462 282 599 331 Diique
619 290 656 319 et
685 282 856 319 homines
875 280 1103 330 prohibuere
1124 282 1335 331 redemptos
1367 283 1417 319 vi-

131 349 218 374 vere
248 338 468 379 Roman0s;
515 347 601 371 nam
639 334 729 371 sorte
758 335 935 383 quadam,
964 334 1072 382 prius
1107 335 1223 381 quam
1264 335 1418 372 infanda

132 402 278 426 merces
306 388 562 438 perficeretur,
594 400 660 436 per
689 385 971 423 altercationem
998 386 1166 422 nondum
1195 386 1297 422 omni
1327 399 1417 424 auro

131 454 309 490 appenso,
339 440 499 477 dictator
528 439 752 485 intervenit3
800 438 1012 486 auferrique
1041 451 1171 474 aurum
1202 439 1249 474 de
1278 439 1416 482 medio,

102 500 168 529 5et
202 493 331 529 Gallos
367 492 579 529 submoveri
614 492 733 541 jubet.
806 491 941 530 Quum
971 491 1023 526 illi
1054 490 1260 527 renitentes
1289 498 1418 539 pactos

130 545 302 582 dic-erent
329 557 425 591 sese,
446 552 559 593 negat
587 557 669 580 eam
700 544 913 593 pactionem
944 550 1060 579 ratam
1081 555 1177 590 esse,
1206 555 1300 591 quae,
1323 550 1420 590 post-

129 610 240 645 quam
273 598 350 646 ipse
387 597 547 633 dictator
580 604 730 633 creatus
749 604 861 639 esset,
884 595 1028 644 injussu
1058 609 1126 631 suo
1156 596 1202 631 ab
1232 595 1419 631 inferioris

125 649 220 698 juris
239 649 458 698 magistratu
480 649 579 686 facta
598 656 723 685 esset:
767 648 1040 696 denuntiatque
1074 648 1207 691 Gallis,
1242 655 1283 684 ut
1302 660 1341 683 se
1372 648 1418 683 ad

128 702 301 750 proelium
332 702 548 750 expediant.
606 702 703 738 Suos
733 701 769 737 in
802 713 978 737 acervum
1008 700 1199 749 conjicere
1236 699 1417 745 sarcinas,

87 766 116 790 10
129 761 167 790 et
200 767 304 790 arma
323 761 463 802 aptare,
495 754 677 802 ferroque,
709 767 784 790 non
810 766 913 799 auro,
934 765 1158 801 recuperare
1178 752 1336 801 patriam
1363 752 1420 800 ju-

130 806 205 849 bet,
228 807 265 842 in
287 814 492 854 conspectu
524 806 708 842 habentes
728 806 815 842 sana
842 806 977 850 Deum,
998 813 1035 841 et
1055 805 1250 854 conjuges,
1271 812 1309 841 et
1327 804 1419 840 libe·

129 871 202 901 YOS,
236 867 274 895 et
293 859 413 895 solum
443 859 572 907 patriae
592 858 758 894 deforme
781 858 866 893 belli
889 857 1009 900 malis,
1029 865 1066 894 et
1085 858 1225 900 omnia,
1246 870 1328 904 quae
1357 857 1416 893 de-

130 910 232 946 fendi
254 911 446 959 repetique
466 918 503 947 et
523 910 655 946 ulcisci
677 910 731 946 fas
752 910 809 946 sit.
868 910 1026 945 Instruit
1051 909 1189 945 deinde
1223 910 1355 954 aciem,
1379 916 1415 945 ut

129 962 202 999 loci
223 970 357 998 natura
377 962 600 1010 patiebatur,
631 962 669 997 in
701 962 890 997 semirutae
913 961 991 997 solo
1012 962 1130 1003 urbis,
1151 968 1189 996 et
1209 961 1344 997 natura
1365 961 1415 996 in-

87 1026 117 1050 15
129 1014 251 1062 equali
269 1027 278 1058 ς
308 1022 346 1050 et
364 1014 505 1060 omnia,
525 1026 608 1061 quae
628 1020 706 1049 arte
728 1013 814 1049 belli
835 1013 1005 1048 secunda
1025 1012 1105 1048 suis
1126 1013 1214 1060 eligi
1235 1025 1414 1061 praepara-

129 1067 206 1103 rive
226 1073 413 1115 poterant,
433 1066 605 1114 providit.
645 1065 758 1111 Galli,
780 1064 877 1101 nova
899 1077 937 1100 re
958 1065 1107 1113 trepidi,
1129 1077 1232 1100 arma
1247 1064 1416 1113 capiunt,

129 1119 258 1167 iraque
279 1118 412 1167 magis,
432 1117 546 1166 quam
572 1118 744 1164 consilio,
779 1117 815 1153 in
847 1117 1044 1153 Romanos
1064 1117 1274 1153 incurrunt.
1332 1116 1417 1153 Jam

130 1178 291 1207 verterat
311 1171 472 1214 fortuna,
490 1170 567 1220 jam
589 1170 757 1207 Deorum
790 1182 880 1218 opes
900 1170 1140 1217 humanaque
1161 1169 1320 1205 consilia
1339 1182 1417 1205 rem

131 1223 348 1260 Romanam
369 1223 609 1272 adjuvabant.
666 1222 787 1271 Igitur
808 1222 927 1270 primo
946 1234 1137 1258 concursu
1156 1221 1257 1257 haud
1278 1222 1418 1270 majore

85 1286 118 1310 20
131 1282 322 1312 momento
341 1274 415 1311 fusi
435 1275 534 1311 Galli
567 1282 666 1318 sunt,
699 1274 811 1322 quam
840 1274 885 1310 ad
907 1274 1045 1310 Alliam
1067 1273 1247 1310 vicerant.
1304 1273 1420 1309 Justi-

129 1340 194 1364 ore
215 1327 332 1364 altero
357 1327 495 1363 deinde
519 1327 649 1376 proelio
681 1327 727 1363 ad
760 1333 935 1363 octavum
969 1326 1131 1375 lapidem
1164 1326 1315 1362 Gabina
1344 1326 1417 1369 via,

130 1378 202 1427 quo
222 1392 261 1416 se
281 1392 329 1416 ex
350 1379 437 1428 fuga
457 1379 709 1423 contulerant,
729 1379 898 1428 ejusdem
932 1379 1050 1415 ductu
1083 1378 1324 1426 auspicioque
1346 1378 1420 1414 Ca-

131 1432 224 1468 milli
246 1432 460 1468 vincuntur.
518 1431 577 1468 Ibi
601 1432 726 1468 caedes
744 1432 872 1468 omnia
891 1431 1055 1468 obtinuit
1073 1444 1080 1467 :
1120 1437 1244 1467 castra
1262 1430 1420 1479 capiun-

129 1489 200 1529 tur,
221 1490 259 1519 et
277 1496 325 1519 ne
345 1483 501 1519 nuntius
523 1484 676 1532 quidem
697 1484 816 1520 cladis
835 1483 1000 1519 relictus.
1056 1483 1241 1528 Dictator,
1262 1495 1420 1531 recupe-

85 1536 209 1571 25rata
230 1548 278 1572 ex
298 1535 467 1572 hostibus
485 1536 618 1583 patria,
640 1536 877 1584 triumphans
907 1536 945 1571 in
965 1535 1108 1571 Urbem
1141 1535 1261 1579 redit3
1306 1535 1420 1571 inter-

130 1599 202 1635 que
232 1587 338 1636 jocos
372 1587 564 1631 militares,
594 1601 687 1636 quos
716 1588 931 1624 inconditos
959 1587 1122 1636 jaciunt,
1156 1587 1346 1623 Romulus
1375 1599 1420 1624 ac

130 1651 267 1687 parens
285 1639 426 1687 patriae,
448 1640 694 1688 conditorque
715 1640 807 1676 alter
837 1640 953 1686 urbis,
985 1640 1084 1676 haud
1119 1639 1224 1675 vanis
1243 1639 1420 1676 laudibus

132 1690 350 1739 appellatur.
409 1692 603 1728 Servatam
624 1692 763 1728 deinde
794 1692 891 1727 bello
910 1692 1067 1739 patriam
1102 1691 1237 1728 iterum
1265 1692 1303 1728 in
1325 1704 1419 1739 pace

132 1743 233 1778 haud
254 1743 367 1779 dubie
388 1744 560 1786 servavit,
590 1757 705 1791 quum
736 1743 928 1792 prohibuit
958 1743 1109 1791 migrari
1130 1743 1258 1791 Vej0s‚
1292 1750 1330 1779 et
1358 1743 1421 1779 tri-

87 1804 118 1829 30
132 1795 243 1830 bunis
262 1807 339 1831 rem
361 1794 541 1831 intentius
562 1796 762 1844 agentibus
796 1804 877 1843 post
907 1795 1103 1831 incensam
1124 1795 1279 1841 Urbem,
1300 1802 1337 1831 et
1356 1807 1421 1843 per

131 1859 170 1883 se
192 1847 376 1883 inclinata
395 1848 515 1895 magis
534 1848 644 1896 plebe
664 1848 710 1883 ad
744 1848 780 1883 id
801 1847 1000 1883 consilium
1021 1860 1028 1883 ε
1068 1860 1186 1895 eaque
1207 1859 1322 1883 causa
1352 1847 1422 1883 fuit

131 1911 205 1935 non
227 1899 451 1935 abdicandae
473 1907 554 1947 post
587 1900 817 1947 triumphum
837 1900 1048 1946 dictaturae,
1069 1907 1202 1935 senatu
1221 1900 1422 1936 obsecran-

130 1958 180 1998 te,
200 1964 248 1988 ne
269 1951 542 2000 rempublicam
564 1951 602 1988 in
624 1951 769 1988 incerto
789 1951 1017 1999 relinqueret
1037 1958 1146 1988 statu.

184 2056 227 2092 L.
274 2056 459 2093 Omnium
488 2056 665 2105 primum,
687 2063 728 2093 ut
746 2063 826 2093 erat
854 2056 1167 2105 diligentissimus
1196 2057 1421 2105 religionum

86 2121 118 2146 35
131 2109 265 2151 cultor,
295 2121 378 2157 quae
418 2109 465 2145 ad
506 2109 607 2145 Deos
641 2109 871 2145 immortales
900 2109 1154 2157 pertinebant,
1185 2110 1339 2153 retulit;
1387 2116 1424 2146 et

131 2161 514 2198 senatus-consultum
536 2161 638 2204 facit,
671 2168 695 2184 “
713 2161 821 2197 Fana
839 2161 979 2204 omnia,
1010 2160 1108 2209 quod
1139 2174 1184 2197 ea
1206 2162 1321 2198 hostis
1341 2174 1424 2209 pos-

134 2219 158 2235 “
173 2212 344 2259 sedisset,
360 2214 662 2257 restituerentur,
681 2214 986 2259 terminarentur,
1003 2214 1331 2262 expiarenturque,
1359 2226 1422 2249 ex-

134 2271 158 2287 “
172 2264 360 2313 piatioque
381 2278 511 2301 eorum
533 2266 571 2302 in
592 2266 695 2302 libris
716 2278 781 2315 per
801 2266 1019 2302 duumviros
1037 2273 1290 2314 quaereretur:
1334 2278 1423 2301 cum

134 2323 159 2339 ‘⁶
174 2317 386 2353 Caeretibus
407 2318 607 2365 hospitium
628 2317 781 2367 publice
812 2318 930 2362 fieret,
951 2317 1050 2366 quod
1072 2331 1180 2354 sacra
1198 2318 1325 2367 populi
1346 2318 1424 2354 Ro-

87 2380 121 2406 40
135 2375 159 2392 “
173 2369 275 2405 mani
290 2381 334 2405 ac
348 2370 563 2406 sacerdotes
576 2371 820 2419 recepissent,
832 2371 1092 2418 beneficioque
1106 2371 1187 2420 ejus
1202 2370 1330 2419 populi
1348 2381 1423 2405 non

135 2421 412 2458 “intermissus
433 2421 552 2458 honos
582 2422 704 2459 Deum
726 2423 991 2460 immortalium
1008 2430 1127 2460 esset:
1174 2423 1252 2459 ludi
1274 2421 1425 2469 Capito-

135 2472 240 2510 “lini
260 2473 406 2518 fierent,
441 2473 542 2522 quod
577 2474 724 2524 Jupiter
744 2476 921 2524 Optimus
943 2475 1134 2512 Maximus
1155 2486 1260 2511 suam
1280 2474 1424 2516 sedem,
