1617 2765
561 166 698 197 LIBER
720 166 778 196 Vi.
804 175 885 197 cAP.
909 176 983 196 xvx.
1375 166 1450 204 139

178 265 202 286 “
218 261 308 305 diat,
329 272 401 297 nec
417 260 593 296 adversus
605 259 759 296 Latinos
777 260 1051 307 Hernicosque,
1067 272 1157 307 quos
1171 259 1270 295 salsis
1286 259 1452 296 crimini-

178 318 204 338 “
220 314 290 350 bus
309 313 346 349 in
368 324 469 348 arma
489 318 614 359 agant,
635 312 699 348 sed
721 312 897 347 adversus
916 324 955 347 se
976 324 1020 347 ac
1054 311 1201 359 plebem
1223 311 1450 357 Romanam,

177 369 202 389 ‘⁴
218 366 437 402 dictatorem
447 370 613 399 creatum
628 376 721 399 esse.
752 363 997 410 Jam‚0misso
1007 363 1116 409 bello,
1126 363 1223 411 quod
1238 363 1451 399 simulatum

177 421 201 440 ‘⁴
217 417 274 462 sit,
296 416 333 452 in
354 427 392 451 se
414 415 592 463 impetum
614 415 693 451 fieri
711 428 719 450 :
745 415 821 464 jam
843 415 1062 451 dictatorem
1080 415 1241 463 profiteri
1255 414 1452 462 patrocini-

147 483 164 508 5
177 472 201 492 ‘⁶
216 481 279 504 um
300 467 565 503 foeneratorum
585 467 761 503 adversus
777 467 922 515 plebem
941 480 949 502 z
975 467 1052 516 jam
1072 467 1141 502 sibi
1158 479 1207 502 ex
1225 466 1348 502 favore
1362 466 1454 502 mul-

177 519 388 557 “titudinis
418 519 563 555 crimen
593 526 630 555 et
658 519 864 567 perniciem
894 519 1021 567 quaeri.
1078 518 1290 564 Offendit‚’'
1321 518 1452 565 inquit,

177 577 201 597 “
218 580 267 616 te,
290 573 336 609 A.
357 571 521 616 Corneli,
542 583 690 618 vosque,
712 571 842 607 Patres
861 571 1076 619 conscripti,
1098 569 1327 606 circumfusa
1346 569 1455 605 turba

176 624 322 660 “lateri
356 624 467 659 meo?
522 622 631 662 Quin
669 635 751 659 eam
790 623 968 659 diducitis
1005 635 1027 658 a
1059 635 1118 658 me
1156 622 1294 670 singuli
1325 621 1455 657 vestris

176 680 200 700 “
218 675 425 722 beneficiis,
445 675 727 720 intercedendo,
760 675 961 711 eximendo
980 675 1026 710 de
1048 687 1160 711 nervo
1180 674 1281 709 cives
1301 680 1453 718 vestros,

131 740 161 766 10
176 731 200 752 ‘4
217 727 449 776 prohibendo
465 727 653 775 judicatos
672 727 914 775 addictosque
941 727 1043 770 duci,
1076 739 1123 762 ex
1142 739 1199 771 eo,
1220 726 1318 774 quod
1338 725 1456 761 affluit

176 779 350 827 “opibus
391 779 536 822 vestris,
580 778 800 815 sustinendo
841 779 1085 815 necessitates
1113 778 1270 814 aliorum
1287 779 1301 813 2
1377 777 1454 813 Sed

177 835 201 856 “
217 831 304 879 quid
324 843 395 880 ego
414 843 492 877 vos,
513 830 559 866 de
588 837 709 867 vestro
725 830 962 879 impendatis,
983 830 1133 867 hortor?
1178 831 1323 866 Sortem
1343 829 1455 865 aliam

177 886 202 907 “
219 883 332 919 ferte:
375 883 421 918 de
437 882 559 930 capite
579 883 769 929 deducite,
788 883 885 930 quod
906 882 1028 918 usuris
1048 888 1352 931 pernumeratum
1373 889 1454 917 est:

177 934 289 982 “jam
310 934 428 970 nihilo
447 946 530 970 mea
551 935 668 978 turba,
703 935 812 981 quam
836 934 958 977 ullius,
980 934 1217 982 conspectior
1237 934 1318 970 erit.
1375 937 1385 956 ‘
1402 933 1456 969 At

133 999 163 1023 15
177 990 200 1010 “
218 991 228 1008 ⁴
244 986 358 1031 enim,
391 985 479 1033 quid
511 985 561 1021 ita
593 985 694 1021 solus
726 997 796 1033 ego
835 985 974 1021 civium
1003 998 1131 1021 curam
1162 998 1232 1033 ago
1249 986 1263 1020 ’Ξ
1279 985 1288 1001 ’
1336 984 1455 1021 nihilo

176 1041 200 1062 “
217 1037 347 1086 magis,
367 1037 465 1085 quod
485 1037 745 1085 respondeam,
767 1036 897 1082 habeo,
932 1038 1043 1084 quam
1070 1037 1100 1073 si
1120 1049 1274 1084 quaeras,
1295 1036 1384 1084 quid
1404 1036 1456 1073 ita

176 1093 201 1113 ‘⁶
217 1089 317 1126 solus
337 1089 563 1137 Capitolium
581 1101 780 1136 arcemque
799 1089 1033 1125 servaverim.
1090 1089 1139 1124 Et
1158 1096 1236 1124 tum
1258 1087 1453 1131 universis,

176 1145 327 1189 “quam
364 1141 478 1190 potui,
516 1153 624 1189 opem
662 1141 741 1185 tuli,
774 1147 812 1177 et
843 1153 946 1177 nunc
979 1141 1138 1190 singulis
1168 1140 1296 1176 feram.
1353 1140 1454 1176 Nam

177 1197 201 1218 “
217 1194 314 1241 quod
351 1193 398 1229 ad
431 1193 625 1230 thesauros
655 1192 821 1230 Gallicos
840 1193 982 1238 attinet,
1021 1206 1113 1236 rem,
1151 1192 1283 1241 suapte
1322 1193 1455 1228 natura

131 1257 163 1282 20
177 1249 201 1270 <c
219 1245 382 1291 facilem,
402 1245 594 1282 difficilem
624 1245 864 1294 interrogatio
894 1244 1006 1281 facit:
1051 1257 1119 1281 cur
1151 1245 1253 1281 enim
1273 1244 1453 1292 quaeritis,

177 1302 202 1321 ‘⁸
217 1298 315 1345 quod
335 1297 438 1334 scitis
455 1298 469 1333 ’Ξ
517 1309 596 1340 cur,
627 1297 725 1345 quod
760 1297 797 1333 in
828 1297 912 1333 sinu
932 1304 1053 1334 vestro
1072 1304 1141 1340 est,
1162 1297 1288 1332 excuti
1315 1295 1455 1345 jubetis

178 1353 202 1373 “
218 1348 350 1397 potitis,
371 1348 484 1397 quam
502 1349 662 1398 ponatis,
683 1349 756 1385 nisi
775 1349 898 1397 aliqua
923 1348 1023 1385 fraus
1043 1349 1200 1385 subest?
1257 1347 1347 1387 Quo
1380 1360 1457 1384 ma-

178 1404 203 1425 “
217 1401 275 1450 gis
295 1402 401 1450 argui
421 1401 627 1450 praestigias
649 1401 788 1450 jubetis
808 1408 959 1444 vestraS‚
990 1400 1034 1437 eo
1053 1401 1140 1450 plus
1160 1413 1301 1443 vereor,
1323 1412 1370 1436 ne
1391 1400 1456 1436 ab·

177 1457 201 1477 “
217 1453 395 1490 stuleritis
423 1453 707 1490 observantibus
743 1453 856 1489 etiam
891 1453 1031 1489 oculos.
1105 1453 1236 1500 Itaque
1267 1465 1341 1489 non
1370 1464 1453 1500 ego,

131 1508 201 1541 535(ι
218 1505 321 1542 vobis
340 1512 381 1541 ut
399 1505 564 1541 indicem
585 1506 730 1553 praedas
751 1512 900 1551 vestras,
930 1506 996 1541 sed
1029 1517 1094 1542 vos
1113 1505 1151 1541 id
1171 1504 1333 1553 cogendi
1352 1504 1454 1547 estis,

177 1560 202 1581 “
218 1564 259 1594 ut
278 1557 315 1594 in
336 1557 501 1594 medium
521 1557 752 1607 proferatis.⁷’

230 1660 341 1697 XVI.
385 1660 517 1700 Quum
545 1662 692 1699 mittere
729 1662 908 1712 ambages
936 1663 1094 1700 dictator
1127 1661 1289 1711 juberet,
1328 1667 1367 1698 et
1394 1668 1457 1698 aut

177 1724 357 1761 peragere
377 1725 505 1750 verum
526 1714 709 1750 indicium
729 1722 893 1762 cogeret,
915 1720 979 1751 aut.
1008 1714 1114 1751 fateri
1135 1714 1281 1750 facinus
1302 1713 1458 1749 insimu-

177 1764 241 1800 lati
263 1765 354 1801 salso
373 1765 530 1802 crimine
550 1767 712 1809 senatus,
733 1766 940 1814 oblataeque
959 1766 1046 1802 vani
1067 1765 1153 1801 furti
1174 1765 1323 1801 invidiae
1341 1778 1349 1810 3
1393 1777 1458 1800 ne-

133 1830 165 1855 :30
177 1824 342 1865 gamem,
363 1817 514 1854 arbitrio
534 1817 772 1854 inimicorum
792 1830 831 1854 se
860 1818 1087 1860 locuturum,
1116 1817 1153 1853 in
1187 1817 1338 1853 vincula
1368 1816 1456 1852 duci

173 1868 294 1918 jussit.
350 1869 534 1917 Arreptus
570 1882 591 1905 a
623 1869 773 1912 viatore,
821 1874 844 1893 “
861 1869 1051 1918 Jupiter,’'
1091 1869 1220 1916 inquit,
1263 1873 1286 1891 “
1303 1868 1457 1916 Optime

178 1924 202 1944 “
216 1919 395 1966 Maxime,
416 1920 591 1969 Junoque
611 1921 776 1969 Regina,
798 1934 843 1957 ac
863 1921 1048 1967 Minerva,
1078 1921 1279 1968 caeterique
1300 1920 1363 1956 Dii
1383 1920 1459 1956 De-

179 1975 203 1996 “
221 1985 338 2021 aeque,
359 1973 423 2021 qui
443 1973 671 2021 Capitolium
702 1985 902 2021 arcemque
924 1973 1097 2018 incolitis,
1130 1973 1273 2009 siccine
1293 1978 1456 2009 vestrum

179 2025 378 2062 “militem
407 2037 452 2061 ac
480 2025 677 2073 praesidem
710 2025 832 2061 sinitis
868 2025 992 2061 vexari
1031 2024 1077 2060 ab
1114 2024 1304 2061 inimicis?
1360 2024 1458 2060 Haec

134 2090 166 2115 35
180 2079 203 2100 ‘⁸
219 2077 365 2120 dextra,
386 2078 458 2125 qua
477 2077 605 2113 Gallos
626 2077 704 2113 fudi
725 2090 746 2113 a
765 2077 931 2113 delubris
960 2077 1102 2122 vestris,
1130 2076 1207 2125 jam
1238 2077 1276 2112 in
1297 2076 1457 2112 vinculis

180 2131 203 2151 “
220 2135 257 2165 et
276 2129 420 2165 catenis
439 2129 536 2165 erit?
552 2129 576 2145 ”
630 2129 783 2165 Nullius
803 2142 875 2165 nec
900 2130 999 2166 oculi
1020 2141 1092 2165 nec
1122 2141 1230 2164 aures
1256 2128 1458 2177 indignita-

179 2186 254 2216 tem
275 2181 465 2217 ferebant:
511 2181 575 2217 sed
596 2180 735 2217 invicta
763 2181 833 2218 sibi
862 2182 1032 2229 quaedam
1066 2180 1339 2229 patientissima
1366 2180 1457 2229 justi

180 2231 324 2280 imperii
344 2233 477 2269 civitas
497 2232 660 2270 fecerat:
699 2246 782 2279 nec,
803 2233 980 2269 adversus
1009 2232 1243 2269 dictatoriam
1277 2232 1363 2278 vim,
1394 2239 1457 2268 aut

178 2284 319 2320 tribuni
338 2284 456 2333 plebis
475 2291 538 2321 aut
557 2285 637 2333 ipsa
654 2285 759 2334 plebs
779 2285 944 2322 attollere
976 2284 1106 2321 oculos
1135 2291 1200 2320 aut
1228 2284 1374 2321 hiscere
1395 2296 1457 2320 au-

135 2336 330 2374 40debant.
387 2336 571 2384 Conjecto
590 2337 627 2373 in
657 2350 848 2374 carcerem
869 2337 1026 2383 Manlio,
1058 2336 1146 2373 satis
1174 2326 1335 2383 yconstat,
1355 2347 1457 2383 mag-

180 2401 267 2425 nam
288 2395 428 2436 partem
449 2388 567 2436 plebis
600 2396 740 2426 vestem
771 2390 948 2435 mutasse,
982 2389 1117 2425 multos
1151 2389 1325 2425 mortales
1344 2387 1456 2435 capil-

180 2440 256 2477 lum
277 2453 322 2476 ac
342 2440 493 2476 barbam
513 2441 739 2489 promisisse,
765 2442 1073 2490 obversatamque
1093 2440 1275 2477 vestibulo
1294 2438 1456 2476 carceris
