1617 2765
614 205 751 235 LIBER
767 196 888 235 xxm.
934 215 1014 236 en.
1035 216 1089 236 Lx.
1401 210 1481 247 203

196 299 390 338 “istimari
419 305 551 348 potest.
609 298 651 336 Si
671 298 829 336 videatis
858 306 1025 345 catenas,
1059 299 1283 348 squalorem,
1305 302 1480 340 deformi-

196 358 348 389 “tatem
369 352 507 388 civium
527 358 748 397 vestrorum,
778 365 853 388 non
884 351 1009 388 mimis
1040 352 1208 401 profecto
1243 366 1308 389 vos
1333 367 1377 390 ea
1397 368 1479 403 spe-

196 410 220 426 “
234 405 313 441 cies
334 411 488 449 moveat,
509 403 620 452 quam
642 404 671 440 si
692 417 738 440 ex
759 404 877 440 altera
897 412 1000 453 parte
1031 405 1196 441 cernatis
1226 413 1359 441 stratas
1379 407 1480 443 Can-

196 462 219 478 “
234 457 415 493 nensibus
434 456 579 505 campis
598 456 768 504 legiones
789 465 941 493 vestras.
998 456 1144 493 Intueri
1164 458 1320 505 potestis
1344 458 1480 495 sollici-

164 519 180 543 5
195 514 218 530 ‘⁴
232 509 403 545 tudinem
423 517 461 545 et
481 509 666 557 lacrymas
688 510 724 545 in
745 509 929 546 vestibulo
959 510 1075 545 curiae
1101 510 1279 549 stantium
1302 519 1481 558 cognato-

194 566 218 582 “
232 574 313 597 rum
352 568 576 607 nostrorum,
613 562 992 610 exspectantiumque
1035 575 1257 610 responsum
1302 570 1479 600 vestrum.

193 613 363 652 “Quum
386 613 411 650 ii
430 626 496 662 pro
515 613 636 659 nobis,
658 627 797 662 proque
819 614 864 650 iis
883 614 945 662 qui
981 614 1129 660 absunt,
1165 614 1217 650 ita
1241 615 1415 663 suspensi
1435 628 1480 652 ac

193 665 380 702 “solliciti
411 666 511 711 sint;
558 679 670 714 quem
691 666 856 702 censetis
879 666 1047 703 animum
1079 667 1245 715 ipsorum
1265 680 1362 710 esse,
1392 681 1482 715 quo-

191 721 313 754 “rum
352 718 390 754 in
427 718 647 755 discrimine
678 719 751 755 vita
780 719 1008 767 libertasque
1037 721 1124 756 est‘!
1200 719 1241 756 Si
1277 720 1352 770 (me
1383 720 1480 756 Dius

148 769 360 820 10“fidius)
396 771 474 819 ipse
507 771 545 807 in
567 784 635 808 nos
664 771 764 807 mitis
785 771 980 808 Hannibal
1009 779 1141 808 contra
1169 779 1342 808 naturam
1372 786 1480 809 suam

192 828 313 858 “esse
344 823 446 869 velit,
484 823 578 859 nihil
608 831 736 860 tamen
768 824 876 860 nobis
896 824 969 861 vita
998 837 1091 873 opus
1124 837 1206 861 esse
1237 837 1479 868 censeamus,

193 879 216 896 “
230 887 345 922 quum
367 875 528 924 indigni,
550 883 590 912 ut
609 889 631 912 a
650 876 754 912 vobis
783 877 1069 920 redimeremur,
1093 877 1159 913 visi
1180 890 1321 913 sumus.
1362 878 1482 914 Redi-

192 932 216 948 “
230 929 292 963 ere
313 928 477 964 Romam
507 929 696 976 quondam
718 928 864 965 remissi
898 942 920 965 a
949 929 1093 977 Pyrrho
1113 930 1194 966 sine
1214 930 1334 978 pretio
1353 930 1453 978 capti
1472 943 1480 966 :

193 984 216 1001 ‘⁶
231 980 296 1015 sed
318 980 463 1016 rediere
477 993 564 1016 cum
581 980 729 1028 legatis,
747 981 974 1028 primoribus
990 982 1222 1024 civitatis,ad
1240 982 1482 1018 redimendos

148 1040 178 1066 15
192 1033 216 1053 ‘⁴
230 1043 312 1067 sese
333 1032 469 1068 missis.
526 1032 702 1068 Redeam
732 1045 804 1081 ego
832 1032 871 1068 in
901 1033 1074 1081 patriam,
1101 1034 1282 1069 trecentis
1316 1034 1482 1070 nummis

192 1085 216 1106 “
229 1096 306 1120 non
327 1084 534 1121 aestimatus
554 1084 678 1121 civis?
736 1086 856 1121 Suum
880 1085 1037 1133 quisque
1059 1086 1173 1122 habet
1205 1086 1386 1131 animum,
1412 1085 1482 1122 Pa-

192 1138 305 1172 “tres
324 1137 541 1186 conscripti.
599 1137 690 1174 Scio
710 1137 748 1174 in
770 1137 991 1174 discrimine
1018 1151 1101 1174 esse
1135 1138 1250 1174 vitam
1270 1150 1482 1186 corpusque

192 1190 217 1211 ‘⁶
231 1201 369 1225 meum.
438 1188 564 1238 Magis
593 1202 652 1226 me
683 1190 792 1226 famae
821 1190 1033 1238 periculum
1071 1197 1205 1236 movet,
1244 1203 1291 1226 ne
1323 1203 1344 1226 a
1376 1191 1481 1227 vobis

193 1241 398 1278 “damnati
420 1254 465 1278 ac
485 1242 623 1291 repulsi
644 1242 825 1278 abeamus
843 1255 851 1278 :
895 1255 1019 1291 neque
1053 1243 1156 1279 enim
1187 1255 1250 1279 vos
1280 1242 1399 1291 pretio
1418 1255 1482 1292 pe-

146 1303 179 1328 eo
192 1295 216 1316 ‘⁶
230 1294 396 1342 percisse
416 1294 589 1331 homines
608 1295 805 1332 credent.''

245 1398 330 1435 LX.
360 1398 434 1436 Ubi
456 1399 486 1436 is
506 1399 619 1436 finem
642 1400 744 1447 fecit,
765 1400 954 1449 extemplo
984 1400 1031 1437 ab
1050 1400 1097 1437 ea
1116 1400 1237 1444 turba,
1258 1414 1340 1449 quae
1362 1400 1399 1437 in
1420 1413 1482 1438 co-

192 1450 298 1488 mitio
317 1460 410 1495 erat,
431 1452 572 1489 clamor
593 1452 728 1489 flebilis
761 1461 818 1489 est
850 1453 1042 1497 sublatus3
1087 1466 1296 1501 manusque
1316 1454 1362 1489 ad
1383 1453 1482 1490 curi-

192 1515 252 1539 am
272 1504 495 1552 tendebant,
514 1513 675 1550 orantes,
696 1512 736 1542 ut
756 1506 826 1541 sibi
847 1505 996 1551 liberos,
1031 1505 1176 1552 fratres,
1197 1513 1378 1554 cognatos
1399 1506 1483 1542 red-

191 1555 336 1592 derent.
395 1556 589 1593 Foeminas
608 1570 756 1606 quoque
777 1565 899 1594 metus
919 1570 964 1594 ac
984 1558 1192 1594 necessitas
1213 1557 1250 1594 in
1269 1558 1346 1595 foro
1361 1558 1481 1594 turbae

146 1621 180 1647 25
193 1608 282 1645 huic
301 1609 464 1646 virorum
485 1609 755 1648 immiscuerat.
813 1611 992 1658 Senatus,
1012 1609 1195 1649 submotis
1214 1611 1375 1655 arbitris,
1392 1625 1482 1649 con-

193 1660 266 1696 suli
289 1669 447 1710 coeptus.
506 1662 565 1698 Ibi
579 1676 693 1710 quum
711 1665 911 1700 sententiis
923 1664 1141 1709 variaretur,
1161 1671 1198 1701 et
1214 1664 1276 1701 alii
1293 1665 1482 1701 redimen-

192 1712 260 1749 dos
288 1713 336 1749 de
365 1714 529 1762 publico,
550 1714 612 1751 alii
646 1715 789 1752 nullam
822 1716 972 1764 publice
1007 1716 1218 1764 impensam
1253 1716 1480 1762 faciendam,

192 1777 266 1802 nec
285 1766 540 1814 prohibendos
568 1779 615 1803 ex
644 1768 787 1815 privato
815 1768 976 1812 redimi3
1015 1768 1046 1804 si
1066 1768 1203 1816 quibus
1222 1775 1421 1817 argentum
1442 1768 1481 1805 in

192 1818 391 1865 praesentia
428 1819 589 1864 deesset,
611 1819 776 1856 dandam
805 1833 853 1856 ex
882 1820 1013 1857 aerario
1051 1820 1254 1869 pecuniam
1297 1828 1480 1866 mutuam,

148 1884 180 1909 3ο
193 1870 456 1918 praedibusque
486 1884 531 1907 ac
559 1872 710 1920 praediis
730 1873 943 1909 cavendum
972 1872 1122 1921 populo,
1144 1880 1371 1918 censerent;
1401 1880 1481 1910 tum

193 1921 242 1958 T.
263 1922 432 1959 Manlius
452 1922 682 1971 Torquatus,
708 1924 842 1972 priscae
871 1937 916 1961 ac
945 1925 1058 1961 nimis
1087 1925 1204 1968 durae,
1226 1932 1267 1962 ut
1294 1925 1481 1974 plerisque

192 1974 402 2019 videbatur,
433 1976 655 2019 severitatis,
692 1976 944 2025 interrogatus
975 1978 1216 2024 sententiam,
1254 1978 1306 2015 ita
1334 1977 1482 2014 locutus

193 2026 334 2064 fertur:
382 2033 406 2051 ‘⁸
421 2028 461 2064 Si
483 2029 743 2066 tantummodo
769 2029 1021 2078 postulassent
1050 2030 1164 2079 legati
1184 2043 1250 2078 pro
1270 2030 1328 2076 iis,
1357 2030 1420 2077 qui
1442 2030 1480 2066 in

193 2082 218 2102 ‘⁶
232 2080 394 2117 hostium
415 2087 600 2128 potestate
630 2089 729 2127 sunt,
752 2089 791 2118 ut
810 2083 1100 2127 redimerentur,
1121 2083 1203 2118 sine
1225 2083 1336 2118 ullius
1360 2083 1482 2118 insec-

148 2135 218 2171 35“
231 2132 372 2168 tatione
393 2145 537 2179 eorum,
558 2133 660 2170 brevi
679 2134 906 2170 sententiam
936 2135 1177 2183 peregissem.
1235 2135 1343 2174 Quid
1378 2136 1480 2171 enim

195 2186 219 2206 ‘⁶
233 2184 333 2220 aliud
353 2184 464 2232 quam
485 2186 713 2223 admonendi
733 2187 879 2229 essetis,
910 2195 950 2223 ut
970 2200 1111 2223 morem
1132 2187 1310 2223 traditum
1330 2200 1352 2223 a
1371 2187 1482 2235 patri-

195 2239 220 2259 “
234 2236 316 2283 bus,
354 2237 570 2274 necessario
607 2238 653 2274 ad
692 2251 772 2275 rem
803 2239 1001 2275 militarem
1032 2239 1218 2287 exemplo,
1249 2239 1480 2276 servaretis?

195 2288 353 2325 “Nunc
382 2299 508 2325 autem
536 2302 650 2337 quum
679 2291 793 2340 prope
822 2291 969 2340 gloriati
991 2291 1079 2337 sint,
1113 2290 1210 2340 quod
1245 2305 1284 2328 se
1312 2292 1481 2328 hostibus

195 2344 220 2364 “
234 2341 459 2386 dediderint,
489 2342 728 2392 praeserrique
749 2357 824 2380 non
845 2344 965 2392 captis
985 2343 1096 2380 modo
1125 2344 1163 2380 in
1198 2344 1280 2381 acie
1300 2345 1347 2380 ab
1368 2344 1480 2380 hosti-

151 2407 183 2432 40
197 2396 221 2416 “
235 2393 317 2436 bus,
348 2393 413 2430 sed
433 2394 546 2430 etiam
574 2394 619 2431 iis
646 2396 708 2443 qui
739 2396 947 2433 Venusiam
982 2397 1268 2445 Canusiumque
1302 2408 1480 2444 pervene-

197 2449 221 2469 “
235 2454 334 2488 runt,
355 2453 466 2493 atque
496 2446 566 2495 ipsi
586 2446 631 2483 C.
653 2447 837 2485 Terentio
857 2449 1019 2495 consuli,
1051 2462 1197 2497 aequum
1232 2447 1450 2484 censuerint
1468 2460 1477 2489 3

196 2498 328 2535 “nihil
363 2511 426 2536 vos
459 2511 601 2545 eorum,
634 2499 763 2536 Patres
795 2502 1013 2550 conscripti,
1043 2514 1126 2549 quae
1160 2501 1236 2537 illic
1270 2508 1353 2537 acta
1379 2506 1479 2542 sunt,
