1617 2765
148 149 222 186 150
698 148 788 180 ΤΙΤΙ
812 147 922 179 LlVlI

146 248 167 263 “
181 254 269 278 cum
289 243 508 280 consulibus
528 242 637 280 ferire
653 257 661 280 ;
692 243 721 280 si
742 243 829 291 quid
847 254 975 279 eorum
993 242 1201 291 displiceat,
1216 242 1359 292 legatos
1371 255 1426 280 re-

146 295 169 315 “
183 294 263 330 dire
283 295 329 331 ad
346 308 385 331 se
400 295 422 312 ”
443 296 569 332 vetuit.
604 296 700 332 Haec
713 308 825 344 quum
840 294 977 343 legatio
993 295 1283 338 renuntiaretur,
1300 302 1427 332 tantus

147 347 310 394 gemitus
329 347 498 383 omnium
519 347 641 384 subito
661 356 813 384 exortus
833 354 901 390 est,
923 354 1099 394 tantaque
1116 347 1291 383 moestitia
1306 348 1428 383 inoes-

147 398 206 443 sit,
228 406 266 435 ut
282 411 356 435 non
376 399 524 448 gravius
543 399 976 448 accepturividerentur,
998 399 1028 435 si
1044 399 1291 442 nuntiaretur,
1308 399 1429 435 omni-

148 450 218 487 bus
231 463 275 487 eo
291 451 373 487 loco
387 459 542 487 mortem
555 452 804 500 oppetendam
822 463 914 487 esse.
943 450 1076 490 Quum
1090 451 1153 487 diu
1168 451 1356 487 silentium
1376 451 1429 487 fu-
1458 464 1473 488 5

148 502 248 548 isset,
270 515 342 539 nec
361 503 535 539 consules
552 511 615 539 aut
633 516 699 552 pro
715 503 854 539 foedere
868 511 942 539 tam
962 503 1072 551 turpi,
1087 511 1149 539 aut
1161 510 1292 539 contra
1309 503 1429 539 soedus

148 561 223 590 tam
241 555 529 598 necesssarium,
547 556 693 592 hiscere
713 563 886 604 possent;
908 563 984 591 tum
1000 555 1042 591 L.
1061 555 1258 601 Lentulus,
1271 555 1333 602 qui
1351 562 1430 591 tum

148 606 324 655 princeps
344 607 549 655 legatorum
579 607 712 644 virtute
742 614 851 656 atque
885 607 1089 644 honoribus
1117 613 1206 652 erat,
1239 608 1431 643 “Patrem

150 664 174 680 ‘⁶
189 659 354 702 meum,”
378 659 510 707 inquit,
529 666 554 682 ‘⁶
567 659 752 705 consules,
770 672 868 708 saepe
888 659 1013 695 audivi
1030 667 1313 704 memorantem,
1335 672 1374 695 se
1391 659 1429 695 in

150 716 175 733 “
188 711 374 759 Capitolio
388 724 505 747 unum
518 724 593 748 non
607 711 722 747 fuisse
735 719 925 747 auctorem
939 712 1084 747 senatui
1098 711 1328 748 redimendae
1341 724 1431 748 auro
1447 724 1476 748 10

151 768 174 785 ‘⁶
189 775 211 798 a
229 763 348 799 Gallis
365 763 538 807 civitatis,
559 763 709 812 quando
728 775 801 799 nec
821 763 920 799 fossa
936 762 1102 811 valloque
1123 763 1169 798 ab
1190 764 1432 812 ignavissimo

151 820 174 836 ‘⁶
189 815 235 850 ad
254 827 367 863 opera
387 827 431 851 ac
452 815 700 851 muniendum
721 816 827 851 hoste
848 815 965 851 clausi
985 822 1134 859 essent3
1164 822 1202 851 et
1221 827 1431 864 erumpere,

151 867 220 902 “si
249 879 325 903 non
353 866 435 903 sine
464 867 630 915 periculo
665 879 816 917 magno,
854 874 980 904 tamen
1009 867 1090 903 sine
1127 869 1229 903 cert&
1265 867 1432 916 pernicie

152 924 175 940 ⁴⁶
189 925 353 967 possent.
407 919 523 958 Quod
545 920 588 964 si,
619 927 660 956 ut
680 920 752 956 illis
781 920 982 956 decurrere
1002 931 1049 955 ex
1069 919 1256 968 Capitolio
1282 919 1433 956 armatis

153 971 230 1007 “in
268 972 412 1008 hostem
451 972 559 1009 licuit
597 971 684 1021 (quo
712 985 811 1020 saepe
840 972 951 1008 modo
979 972 1120 1008 obsessi
1151 972 1187 1008 in
1216 972 1432 1008 obsidentes
1448 984 1478 1009 15

153 1028 176 1044 “
191 1024 427 1074 eruperunt),
449 1024 500 1060 ita
520 1024 628 1060 nobis
647 1037 752 1072 aequo
772 1032 836 1060 aut
856 1024 983 1072 iniquo
1012 1024 1094 1060 loco
1126 1024 1333 1060 dimicandi
1352 1031 1434 1060 tan-

153 1076 384 1112 “tummodo
404 1089 490 1112 cum
513 1077 616 1113 hoste
636 1076 745 1124 copia
773 1083 882 1121 esset,
914 1089 990 1112 non
1021 1076 1113 1112 mihi
1140 1077 1283 1125 paterni
1317 1075 1433 1112 animi

153 1127 336 1164 “indoles
357 1128 394 1164 in
415 1129 572 1165 consilio
601 1129 725 1164 dando
744 1128 903 1164 deesset.
958 1128 1144 1176 Equidem
1180 1139 1335 1165 mortem
1369 1140 1434 1177 pro

154 1185 178 1201 ‘⁶
193 1180 309 1227 patri&
329 1180 547 1227 praeclaram
567 1193 649 1216 esse
670 1180 786 1216 fateor
803 1193 812 1216 z
855 1187 893 1216 et
926 1192 985 1216 me
1012 1180 1068 1215 vel
1088 1180 1269 1216 devovere
1289 1193 1354 1228 pro
1371 1193 1435 1228 po-

155 1236 178 1253 “
192 1231 279 1279 pulo
308 1231 484 1268 Romano
503 1232 801 1281 legionibusque,
822 1232 879 1268 vel
909 1232 948 1268 in
978 1232 1122 1268 medios
1154 1244 1214 1268 me
1235 1231 1434 1268 immittere
1447 1244 1480 1269 ρο

156 1289 180 1305 “
195 1283 331 1329 hostes,
353 1291 504 1332 paratus
523 1297 618 1320 sum.
676 1285 752 1320 Sed
774 1285 834 1320 hic
853 1284 1011 1333 patriam
1031 1283 1152 1327 video,
1174 1283 1237 1320 hic
1256 1284 1435 1332 quidquid

156 1341 180 1358 ‘⁶
193 1335 454 1372 Romanarum
475 1336 665 1386 legionum
684 1344 742 1372 est
758 1349 766 1373 :
808 1349 903 1385 quae,
925 1336 996 1372 nisi
1022 1349 1089 1385 pro
1107 1349 1147 1372 se
1166 1336 1256 1385 ipsis
1275 1336 1321 1372 ad
1342 1349 1437 1373 mor-

154 1389 266 1424 “tem
286 1401 394 1425 ruere
414 1388 555 1436 volunt,
588 1389 675 1437 quid
708 1388 860 1432 habent,
891 1389 989 1437 quod
1020 1396 1137 1425 morte
1164 1389 1232 1425 suri
1260 1389 1436 1425 servent?

157 1447 181 1463 ‘⁶
197 1447 206 1463 ‘
223 1440 348 1477 Tecta
367 1441 505 1488 Urbis,'
526 1441 629 1478 dicat
647 1441 793 1489 aliquis,
824 1448 833 1463 ⁴
847 1447 884 1477 et
903 1440 1056 1483 mcenia,
1076 1448 1114 1477 et
1131 1453 1214 1477 eam
1235 1441 1395 1487 turbam,
1416 1453 1438 1476 a

156 1498 178 1514 “
193 1499 201 1514 ‘
213 1493 287 1541 qua
307 1493 404 1529 Urbs
421 1493 623 1530 incolitur.'
680 1493 802 1529 Immo
820 1492 1006 1542 (Hercule
1021 1493 1048 1543 l)
1070 1493 1277 1541 produntur
1296 1505 1341 1528 ea
1359 1505 1437 1529 orn-
1449 1504 1481 1529 25

155 1550 177 1566 “
190 1545 265 1587 nia,
297 1545 421 1582 deleto
454 1546 526 1582 hoc
545 1545 727 1591 exercitu,
764 1557 840 1581 non
869 1552 1073 1581 servantur.
1128 1544 1229 1583 Quis
1262 1545 1364 1580 enim
1393 1557 1438 1580 ea

155 1597 384 1634 “tuebitur'l
457 1597 626 1633 Imbellis
663 1597 839 1633 videlicet
875 1604 984 1645 atque
1025 1597 1179 1633 inermis
1208 1597 1408 1633 multitudo
1423 1598 1438 1633 ’ἰ

156 1654 266 1686 “tam
288 1648 475 1698 (Hercule
493 1651 520 1701 l)
554 1650 666 1698 quzim
697 1662 719 1685 a
751 1649 944 1686 Gallorum
976 1649 1116 1697 impetu
1137 1648 1317 1685 defendit.
1375 1649 1438 1685 An

157 1705 178 1720 “
191 1714 213 1738 a
260 1701 363 1750 Vejis
400 1702 608 1739 exercitum
655 1701 933 1749 Camillumque
970 1701 1108 1737 ducem
1155 1701 1406 1750 implorabunt
1424 1701 1439 1737 ‘l

157 1756 178 1772 “
192 1753 270 1789 Hie
283 1766 416 1790 omnes
435 1767 520 1802 spes
538 1766 700 1802 opesque
720 1761 819 1797 sunt,
850 1766 941 1802 quas
961 1753 1154 1799 servando,
1188 1754 1345 1802 patriam
1365 1764 1484 1789 ser-³0

157 1808 343 1842 “vamus:
387 1807 562 1843 dedendo
583 1806 628 1842 ad
657 1818 806 1853 necem,
827 1806 983 1853 patriam
1004 1806 1213 1842 deserimus
1246 1817 1290 1841 ac
1319 1805 1441 1853 prodi-

158 1862 180 1879 “
193 1871 288 1894 mus.
345 1859 424 1895 ‘At
458 1859 556 1894 foeda
588 1866 698 1906 atque
712 1858 969 1906 ignominiosa
988 1857 1129 1894 deditio
1158 1857 1241 1893 est.’
1299 1857 1374 1893 Sed
1395 1869 1440 1892 ea

159 1914 180 1929 “
193 1910 329 1946 caritas
366 1911 492 1958 patriae
521 1917 589 1953 est,
621 1917 661 1946 ut
688 1917 764 1946 tam
803 1909 1009 1958 ignominie}
1047 1921 1144 1955 earn,
1181 1908 1292 1957 quem
1323 1916 1440 1945 morte

159 1964 332 2005 “nostrfi,
353 1963 383 1998 si
403 1975 497 2011 opus
516 1962 576 2008 sit,
596 1974 797 1998 servemus.
855 1961 1044 1997 Subeatur
1072 1973 1162 2010 ergo
1183 1961 1265 2007 ista,
1285 1968 1441 2009 quanta-

159 2016 355 2062 “cumque
375 2022 444 2061 est,
465 2014 697 2063 indignitas;
740 2020 778 2049 et
797 2019 969 2061 pareatur
1002 2013 1232 2055 necessitati,
1259 2025 1372 2061 quam
1392 2025 1440 2049 ne
1453 2023 1486 2048 35

161 2066 259 2103 “Dii
288 2067 438 2115 quidem
459 2073 648 2115 superant.
706 2065 776 2111 lte,
806 2064 995 2107 consules,
1027 2065 1199 2101 redimite
1220 2065 1333 2102 armis
1352 2064 1441 2102 civi-

160 2124 182 2140 “
194 2126 322 2166 tatem,
342 2132 452 2167 quam
474 2131 564 2155 auro
584 2117 742 2167 majores
762 2116 871 2153 vestri
891 2116 1171 2154 redemerunt.”

215 2223 261 2259 V.
300 2223 487 2260 Consules
507 2222 662 2272 profecti
683 2223 729 2258 ad
746 2221 920 2258 Pontium
943 2221 980 2257 in
1000 2220 1239 2270 colloquium,
1260 2234 1376 2270 quum
1395 2222 1442 2259 de

164 2276 306 2313 soedere
328 2276 445 2312 victor
465 2276 635 2324 agitaret,
667 2276 864 2323 negfirunt‚
901 2274 1044 2322 injussu
1077 2275 1202 2323 populi
1224 2274 1344 2311 foedus
1363 2274 1442 2311 fieri

162 2340 296 2378 posse:
327 2339 399 2364 nec
419 2328 500 2364 sine
522 2327 718 2363 fecialibus
744 2327 1034 2374 caerimoniitque
1061 2327 1135 2363 alia
1154 2327 1311 2364 solenni.
1368 2326 1488 2364 lta-40

162 2392 235 2428 que
255 2392 344 2423 non,
366 2388 406 2416 ut
426 2379 536 2428 vulgo
568 2379 740 2421 credunt,
775 2378 1032 2426 Claudiusque
1063 2379 1176 2415 etiam
1207 2379 1349 2421 scribit,
1380 2378 1443 2414 foe-

164 2433 253 2469 dere
278 2445 350 2481 pax
384 2432 572 2479 Caudina,
603 2431 668 2468 sed
698 2443 763 2480 per
799 2431 1052 2480 sponsionem,
1088 2431 1186 2468 facta
1213 2439 1280 2468 est.
1334 2429 1441 2470 Quid
