1617 2765
442 300 610 326 EPITOME
629 299 729 324 me
748 298 920 324 VICESIMI
941 297 1093 323 OCTAVI.

167 380 225 406 st
238 380 264 405 in
278 379 408 411 Hispania
420 379 544 410 prospere
556 382 635 410 gestae
647 385 663 402 a
682 377 784 408 Silano,
798 376 930 408 Scipionis
944 376 1042 408 legato,
1054 380 1081 400 et
1094 376 1126 400 ab
1138 375 1170 400 L.
1185 374 1308 407 Scipione
1325 375 1406 401 fratre

136 413 260 438 adversus
274 412 373 443 Poenos,
389 419 404 436 a
418 411 538 442 Sulpicio
555 410 710 442 proconsule
730 414 757 434 et
775 410 808 434 ab
826 409 919 433 Attalo
937 416 995 440 rege
1017 409 1089 433 Asiae
1109 408 1235 433 adversus
1254 408 1406 439 Philippum

135 453 225 477 regem
239 445 425 475 Macedonum,
438 451 484 475 pro
496 443 606 473 AEtolis,
619 442 778 467 referuntur.
814 442 906 467 Quum
920 441 958 464 M.
970 441 1047 465 Livio
1059 446 1087 465 et
1106 440 1224 466 Claudiov
1232 440 1333 465 Neroni
1345 448 1407 465 con-

135 478 236 502 sulibus
249 477 398 508 triumphus
411 477 533 500 decretus
545 480 627 505 esset,
640 474 745 505 Livius,
758 474 803 505 qui
816 474 842 498 in
856 473 990 504 provincia
1002 474 1051 498 sua
1063 481 1116 497 rem
1128 477 1257 504 gesserat,
1273 473 1406 505 quadrigis

135 510 254 535 invectus
267 513 323 540 est3
339 509 420 540 Nero,
444 508 488 539 qui
501 508 527 532 in
539 507 645 538 collegae
666 506 839 538 provinciam,
858 510 887 530 ut
899 505 1037 529 victoriam
1049 505 1105 537 ejus
1123 505 1274 536 adjuvaret,
1287 509 1407 536 venerat,

135 550 203 574 equo
215 546 257 567 est
268 546 386 572 secutus,
398 545 425 565 et
438 541 463 564 in
477 540 526 564 hoc
539 539 632 564 habitu
654 540 713 570 plus
732 538 820 570 gloriis
832 537 1035 569 reverentiaeque
1056 537 1150 562 habuit
1161 546 1167 561 :
1197 545 1257 561 nam
1269 541 1296 561 et
1309 537 1367 567 plus
1380 537 1407 562 in

135 574 215 606 bello,
227 575 304 606 quAm
318 573 428 605 collega,
441 572 550 596 fecerat.
586 572 657 603 Ignis
676 572 703 596 in
720 571 773 594 aede
797 570 882 594 Vestae
901 569 1062 601 negligentia
1080 569 1198 601 virginis,
1215 577 1272 601 quae
1285 577 1335 594 non
1349 577 1407 594 cus-

134 607 258 638 todierat,
272 606 421 631 exstinctus
432 607 490 629 est:
516 604 591 635 virgo
606 611 673 628 caesa
684 607 724 627 est
737 603 828 634 flagro.
865 602 894 626 P.
907 602 999 632 Scipio
1019 602 1045 626 in
1058 601 1188 632 Hispania
1196 609 1256 626 cum
1269 601 1352 626 Poenis
1365 602 1409 627 de-

135 639 245 663 bellavit
258 642 351 670 quarto
364 637 464 661 decimo
477 644 545 660 anno
563 636 619 667 ejus
639 635 712 666 belli,
731 635 824 666 quinto
843 635 900 665 post
918 642 986 658 anno
999 635 1076 665 quAm
1089 634 1175 658 ierat:
1199 634 1367 665 exclusisque
1380 634 1407 659 in

133 674 219 695 totum
233 671 396 702 possessione
407 670 464 700 ejus
482 668 612 698 hostibus,
636 667 792 698 Hispaniam
810 666 930 697 recepit:
957 670 984 690 et
997 673 1012 690 a
1024 666 1177 691 Tarracone
1197 666 1221 690 in
1236 665 1356 690 Africam
1375 667 1407 690 ad

132 703 281 734 Syphacem
294 710 382 734 regem
395 700 571 726 Numidarum
583 700 684 724 duobus
705 698 820 730 navigiis
833 702 1010 728 transvectus,
1028 698 1110 722 soedus
1121 699 1221 730 junxit.
1256 698 1408 723 Hasdrubal

132 735 256 767 Gisgonis
269 735 305 759 ibi
319 742 379 759 cum
392 741 425 758 eo
437 733 464 757 in
475 733 566 756 eodem
579 732 649 756 lecto
661 731 796 755 accubuit.
833 730 930 754 Munus
945 730 1131 761 gladiatorium
1144 730 1169 755 in
1183 731 1310 755 honorem
1324 731 1408 761 patris

133 767 273 799 patruique
285 766 449 797 Carthagine
463 764 540 789 Nova
551 764 646 794 edidit,
657 771 708 788 non
719 771 751 787 ex
759 762 961 794 gladiatoribus,
973 763 1018 786 sed
1027 770 1059 786 ex
1072 762 1115 792 iis,
1127 763 1172 794 qui
1185 767 1232 787 aut
1242 763 1268 787 in
1281 763 1408 788 honorem

132 800 219 829 ducis,
232 803 279 823 aut
291 806 325 823 ex
337 797 536 829 provocatione,
557 796 584 820 in
596 800 729 821 certamen
743 794 935 819 descendebant
947 802 954 819 ε
980 795 1006 818 in
1019 802 1070 826 quo
1083 794 1166 826 reguli
1180 794 1274 819 fratres
1286 795 1318 819 de
1330 803 1409 826 regno

133 831 203 856 ferro
215 831 415 855 contenderunt.
435 829 527 855 Quum
537 829 640 860 Astapa
653 828 714 852 urbs
736 827 769 851 ab
782 826 908 852 Romanis
921 830 1128 857 oppugnaretur,
1138 826 1263 858 oppidani
1274 827 1371 851 liberos
1381 831 1410 852 et

133 864 261 895 conjuges
275 870 336 894 rogo
348 865 487 887 exstructo
499 861 662 891 occiderunt,
683 863 711 884 et
722 867 749 884 se
764 860 869 890 insuper
881 859 1120 890 praecipitaverunt.
1156 859 1217 889 Ipse
1232 859 1334 890 Scipio,
1347 859 1409 884 dum

132 895 207 927 gravi
220 895 312 920 morbo
321 894 467 926 implicitus
480 897 531 924 est,
543 893 711 923 seditionem,
725 893 751 917 in
764 896 839 923 parte
852 891 987 916 exercitas
999 894 1108 922 motam,
1122 890 1293 915 confirmatus
1310 891 1411 916 discus-

133 927 178 958 sit,
189 928 402 959 rebellantesque
415 925 551 958 Hispanias
563 925 674 957 populos
687 925 775 956 coegit
794 924 821 949 in
841 923 1001 948 deditionem
1020 923 1111 948 venire
1122 931 1130 954 3
1156 927 1194 954 et,
1205 923 1327 949 amicitia
1339 923 1410 949 facta

132 967 193 984 cum
206 960 350 984 Masinissa
362 967 420 991 rege
434 958 621 989 Numidarum,
639 957 684 989 qui
705 957 745 982 illi
758 956 899 987 auxilium,
917 956 940 980 si
953 956 979 980 in
993 955 1114 980 Africam
1126 956 1288 987 trajecisset,
1301 956 1411 987 pollice-

133 992 228 1023 batur;
241 1000 300 1017 cum
310 991 450 1016 Gaditanis
460 998 563 1023 quoque
575 994 634 1021 post
645 990 790 1014 discessum
800 989 859 1013 inde
871 989 1003 1020 Magonis,
1015 988 1059 1012 cui
1067 995 1099 1012 ex
1108 988 1272 1019 Carthagine
1281 988 1410 1019 scriptum

132 1028 200 1055 erat,
214 1028 244 1049 ut
256 1024 283 1049 in
297 1024 403 1048 Italiam
416 1023 571 1055 trajiceret5
589 1023 702 1046 Romam
715 1029 847 1051 reversus,
868 1021 1010 1052 consulque
1022 1025 1139 1045 creatus.
1175 1020 1293 1044 Africam
1306 1020 1410 1052 provin-

133 1057 204 1083 ciam
227 1056 340 1088 petenti,
359 1055 556 1081 contradicente
579 1054 616 1080 Q.
630 1054 713 1078 Fabio
724 1053 854 1084 Maximo,
871 1053 966 1077 Sicilia
984 1053 1048 1077 data
1061 1057 1117 1084 est3
1147 1052 1368 1084 permissumque,
1382 1053 1409 1077 in

134 1087 255 1114 Africam
268 1088 419 1120 trajiceret,
432 1087 454 1112 si
466 1095 499 1112 ex
512 1095 539 1112 re
552 1086 660 1118 publica
672 1093 731 1110 esse
744 1089 873 1110 censeret.
898 1085 990 1117 Mago,
1004 1085 1174 1109 Hamilicaris
1188 1085 1268 1116 filius,
1281 1093 1296 1109 a
1310 1085 1409 1110 minore

134 1121 243 1178 Baleaig
256 1121 354 1178 ἰηςυέέ,
367 1120 413 1186 1]Jbi
425 1120 567 1151 hiemarat,
587 1119 613 1144 in
627 1118 734 1143 Italiam
747 1117 863 1150 trajecit.
902 1117 986 1150 [Car.
1000 1125 1009 1142 ι
1019 1124 1140 1142 —xnvr.
1175 1124 1202 1142 u.
1213 1124 1242 1141 c.
1257 1117 1408 1142 545—517.

135 1161 162 1178 Α.
173 1162 199 1178 c.
244 1154 259 1178 7
268 1167 300 1172 —
341 1154 366 1178 5.

461 1282 628 1308 EPITOME
646 1281 748 1306 LIBRI
766 1280 1078 1306 UNDETRICESIMI.

171 1357 213 1383 Ex
227 1358 322 1383 Sicilia
335 1357 367 1382 C.
381 1356 480 1382 Laelius
492 1357 519 1381 in
533 1356 653 1381 Africam
665 1363 682 1380 a
694 1355 817 1386 Scipione
834 1355 930 1380 missus
944 1354 1076 1386 ingentem
1096 1355 1207 1386 praedam
1219 1355 1371 1386 reportavit,
1384 1358 1412 1380 et

135 1391 263 1416 mandata
277 1390 424 1415 Masinissae
437 1389 557 1420 Scipioni
569 1389 702 1419 exposuit,
715 1387 910 1420 conquerentis,
921 1388 987 1418 quod
1005 1387 1121 1411 nondum
1133 1387 1281 1411 exercitum
1300 1387 1325 1411 in
1340 1387 1412 1411 Afri-

136 1431 194 1448 cam
207 1423 369 1460 trajecisset.
405 1422 511 1446 Bellum
524 1421 550 1446 in
563 1421 693 1452 Hispania
706 1420 821 1451 finitum,
840 1420 941 1445 victore
956 1419 1086 1450 Romano,
1099 1420 1167 1450 quod
1178 1415 1412 1444 Indibilis'excita-

136 1459 229 1487 verat;
248 1463 304 1486 lpse
323 1455 348 1479 in
362 1454 421 1479 acie
434 1454 559 1485 occisus3
590 1452 749 1477 Mandonius
770 1451 972 1483 exposcentibus
995 1451 1123 1476 Romanis
1137 1459 1152 1476 a
1164 1451 1219 1476 suis
1238 1452 1341 1476 deditus
1360 1457 1410 1476 est.

136 1487 256 1519 Magoni,
271 1487 315 1519 qui
328 1487 355 1512 in
367 1486 457 1511 Gallia
467 1490 495 1511 et
507 1486 650 1517 Liguribus
660 1490 728 1516 erat,
740 1492 773 1509 ox
794 1484 888 1509 Africa
898 1487 925 1508 et
942 1483 1058 1508 militum
1071 1484 1159 1514 ampla
1172 1492 1266 1508 manus
1279 1484 1368 1513 missa,
1384 1487 1412 1508 et

135 1519 263 1550 pecuniae,
277 1519 372 1550 quibus
385 1518 488 1543 auxilia
499 1518 660 1542 conduceret
673 1526 679 1541 ι
697 1520 916 1548 praeceptumque‚
930 1520 959 1540 ut
971 1523 998 1540 se
1011 1516 1156 1540 Hannibali
1166 1516 1300 1548 jungeret.
1320 1515 1412 1546 Scipio

136 1559 153 1575 a.
166 1551 308 1583 Syracusis
320 1551 347 1576 in
360 1550 479 1575 Bruttios
492 1550 608 1582 trajecit,
626 1553 655 1574 et
674 1549 783 1579 Locros,
804 1549 881 1579 pulso
900 1548 999 1572 Punico
1012 1547 1142 1578 praesidio,
1156 1548 1298 1579 fugatoque
1311 1547 1413 1572 Hanni-

138 1584 208 1614 bale,
221 1584 328 1614 recepit.
364 1583 418 1607 Pax
431 1590 492 1607 cum
504 1582 627 1612 Philippo
639 1581 710 1605 facta
723 1586 775 1605 est.
810 1581 881 1605 Idaea
894 1580 982 1604 Mater
994 1580 1133 1610 deportata
1145 1584 1186 1604 est
1199 1580 1310 1604 Romam
1324 1587 1339 1603 a
1352 1579 1413 1604 Pes-

137 1615 244 1640 sinunte
257 1615 354 1646 oppido
367 1615 497 1671 Phrffigiae,
510 1614 625 1638 carmine
635 1614 660 1638 in
674 1613 748 1637 libris
761 1612 898 1644 Sibyllinis
912 1612 1031 1643 invento,
1041 1613 1059 1626 ‘⁴
1069 1612 1131 1642 pelli
1144 1612 1224 1636 Italia
1237 1612 1413 1644 alienigenam

136 1649 155 1662 “
165 1648 268 1672 hostem
282 1655 368 1679 posse,
381 1647 403 1671 si
447 1651 503 1671 ater
516 1647 585 1670 [daea
598 1646 738 1676 deportata
750 1646 863 1670 Romam
875 1645 980 1669 esset.’‘
1006 1644 1119 1668 Tradita
1131 1647 1219 1668 nutem
1231 1648 1272 1668 est
1284 1643 1413 1668 Romanis

136 1687 182 1711 per
196 1680 319 1704 Attalum
331 1685 420 1710 regem
434 1679 513 1703 Asiae.
550 1678 632 1709 Lapis
644 1683 710 1709 crat,
725 1686 803 1709 quem
818 1678 934 1701 Matrem
954 1676 1040 1701 Defim
1058 1676 1150 1700 incolae
1161 1676 1294 1701 dicebant.
1330 1676 1414 1701 Exce-

136 1712 175 1743 pit
189 1712 217 1736 P.
232 1712 324 1743 Scipio
336 1711 449 1742 Nasica,
462 1713 515 1737 (fn.
531 1711 612 1741 filius,
630 1710 699 1741 ejus,
719 1710 764 1741 qui
783 1710 808 1734 in
828 1709 960 1740 Hispania
978 1709 1101 1740 perierat,
1114 1709 1154 1733 vir
1163 1709 1278 1740 optimus
1291 1716 1307 1733 a
1319 1713 1413 1733 senatu

133 1744 280 1776 judicatus,
292 1744 445 1769 adolescens
459 1744 573 1768 nondum
585 1742 753 1774 quaestorius,
766 1741 889 1774 quoniam
903 1740 942 1766 ita
954 1749 1104 1772 responsum
1115 1741 1233 1773 jubebat,
1247 1742 1267 1756 “
1278 1745 1307 1766 ut
1317 1748 1413 1765 numen

136 1778 154 1790 “
166 1776 192 1801 id
205 1776 238 1800 ab
250 1777 352 1807 optimo
364 1776 420 1800 viro
440 1775 603 1806 reciperetur
615 1774 896 1806 consecrareturque.'‘
932 1773 1078 1798 Locrenses
1092 1773 1192 1805 legatos
1209 1774 1323 1798 Romam
1335 1773 1414 1798 mise-

137 1812 207 1840 runt,
221 1809 266 1840 qui
278 1809 310 1833 de
320 1808 479 1839 impotentia
491 1808 528 1833 Q.
541 1806 665 1831 Pleminii
679 1807 761 1839 legati
771 1809 956 1839 quererentur,
969 1806 1037 1837 quod
1049 1806 1189 1836 pecuniam
1200 1806 1360 1837 Proserpinae
1369 1806 1415 1830 ab·

135 1841 257 1872 etulerat,
270 1845 298 1865 et
311 1841 408 1865 liberos
421 1848 513 1865 eorum
523 1847 554 1864 ac
565 1840 693 1872 conjuges
712 1842 892 1870 stupraverat.
911 1838 1068 1868 Pleminius,
1081 1838 1107 1862 in
1119 1838 1223 1863 catenis
1236 1839 1347 1863 Romam
1357 1845 1415 1869 per·

136 1873 241 1903 ductus,
256 1873 281 1897 in
294 1880 399 1898 carcere
411 1876 531 1896 mortuus
543 1875 594 1896 est.
631 1872 723 1898 Quum
744 1872 826 1896 falsus
848 1879 936 1895 rumor
947 1871 979 1895 de
1000 1870 1027 1895 P.
1040 1870 1163 1901 Scipione
1184 1870 1349 1902 proconsule,
1368 1869 1413 1901 qui

136 1904 163 1928 in
176 1905 271 1929 Sicilia
281 1908 348 1935 erat,
362 1905 388 1929 in
404 1904 502 1928 Urbem
516 1904 633 1935 perlatus
645 1908 727 1935 esset,
739 1908 875 1935 tamquam
885 1903 908 1927 is
922 1903 1101 1927 luxuriaretur
1113 1910 1119 1932 3
1137 1902 1223 1926 missis
1235 1902 1268 1926 ob
1280 1902 1329 1926 hoc
1343 1902 1413 1933 lega-

136 1937 171 1960 tis
182 1944 198 1961 a
210 1940 315 1967 senatu,
327 1936 372 1967 qui
385 1937 556 1967 explorarent
568 1943 601 1960 an
621 1944 653 1960 ea
667 1944 729 1960 vera
749 1939 850 1966 essent,
863 1938 990 1967 purgatus
1011 1934 1122 1958 infamia
1141 1934 1233 1965 Scipio
1254 1934 1280 1958 in
1295 1934 1412 1959 Africam

136 1969 253 2001 trajecit,
265 1968 373 1993 senatus
387 1968 524 1999 permissu.
558 1967 678 1999 Syphax,
691 1968 804 1998 accepta⁴
816 1967 841 1991 in
854 1966 1053 1992 matrimonium
1065 1966 1121 1990 filia
1134 1966 1308 1990 Hasdrubalis
1320 1966 1413 1998 Gisgo-

136 2001 188 2032 nis,
196 2000 332 2033 amicitiae,
340 2008 417 2032 quam
428 2008 488 2025 cum
501 1999 626 2031 Scipione
639 2000 694 2030 ipse
711 1999 848 2031 junxerat,
867 1998 1039 2023 renuntiavit.
1076 1998 1230 2029 Masinissa,
1250 2006 1296 2023 rex
1311 1998 1414 2030 Massy-

138 2033 244 2064 liorum,
258 2034 320 2057 duru
333 2041 380 2064 pro
391 2032 657 2064 Carthaginiensibus
670 2032 696 2056 in
713 2031 842 2062 Hispania
854 2031 963 2061 militat,
983 2030 1080 2054 amisso
1099 2034 1172 2061 patre
1191 2030 1270 2062 Gala,
1290 2031 1321 2055 de
1335 2038 1413 2062 regno

137 2066 276 2090 exciderat
288 2074 294 2090 z
313 2073 364 2097 quo
377 2072 421 2096 per
434 2065 534 2089 bellum
547 2072 615 2095 saepe
629 2064 752 2095 repetito,
766 2063 866 2094 aliquot
879 2063 977 2094 proeliis
991 2071 1006 2086 a
1019 2063 1141 2094 Syphace
1163 2070 1223 2095 rege
1237 2063 1413 2088 Numidarum

137 2098 235 2129 victus,
248 2098 275 2122 in
288 2101 374 2122 totum
388 2097 506 2128 privatus
519 2100 560 2121 est
572 2105 580 2120 ·.
597 2101 625 2121 et
638 2104 697 2121 curn
710 2096 829 2120 <lucentis
841 2096 974 2126 equitibus
987 2095 1062 2119 exsul
1076 2095 1193 2126 Scipioni
1206 2104 1234 2120 se
1245 2095 1335 2127 junxit
1348 2103 1355 2127 3
1385 2100 1413 2120 et

136 2137 197 2154 curn
211 2138 242 2154 eo
255 2130 339 2161 primo
353 2130 444 2153 statim
463 2129 534 2153 bello
547 2127 704 2153 Hannonem
719 2128 878 2152 Hamilcaris
901 2127 984 2152 filium
997 2135 1057 2152 eum
1070 2127 1157 2159 ampla
1169 2135 1249 2152 manu
1267 2127 1411 2152 interemit.

138 2162 240 2193 Scipio,
253 2163 369 2187 adventu
383 2161 558 2186 Hasdrubalis
573 2166 600 2186 et
613 2160 756 2192 Syphacis,
769 2160 812 2192 qui
827 2160 906 2191 prope
929 2168 988 2184 cum
1001 2164 1106 2184 centum
1121 2160 1236 2184 millibus
1250 2164 1413 2185 armatorum

138 2198 277 2225 venerant,
291 2194 323 2218 ab
335 2194 472 2219 obsidione
487 2194 572 2218 Uticae
589 2194 724 2224 depulsus,
746 2193 855 2217 hiberna
874 2192 1056 2216 communivit.
1093 2192 1262 2223 Sempronius
1283 2192 1372 2217 consul
1386 2193 1413 2217 in

137 2234 202 2263 agro
214 2226 383 2251 Crotoniensi
398 2226 518 2257 prospere
531 2226 657 2250 adversus
670 2225 845 2250 Hannibalem
859 2224 992 2255 pugnavit.
1021 2224 1146 2249 Lustrum
1159 2232 1174 2248 a
1187 2225 1338 2249 consoribus
1352 2232 1414 2249 con-

137 2259 222 2283 dlturn
234 2263 290 2283 est:
309 2266 388 2283 censa
407 2263 469 2283 sunt
488 2258 586 2283 civium
604 2258 693 2289 capita
713 2258 829 2282 ducenta
842 2257 1041 2288 quatuordecim
1059 2257 1153 2281 millia.
1189 2257 1262 2281 Inter
1280 2265 1412 2288 censores,

142 2290 180 2315 M.
194 2291 301 2315 Livium
315 2295 342 2315 et
352 2291 495 2315 Claudium
508 2290 652 2321 Neronem,
664 2289 788 2314 notabilis
801 2289 931 2313 discordia
941 2289 990 2313 fuit
1002 2297 1008 2313 :
1022 2297 1082 2313 nam
1092 2293 1119 2313 et
1131 2289 1257 2313 Claudius
1270 2289 1349 2314 Livio
1360 2289 1414 2314 col-

139 2323 203 2354 legoe
215 2331 312 2355 equum
325 2323 437 2353 ademit,
451 2323 517 2354 quod
530 2330 546 2346 a
559 2323 656 2353 populo
667 2324 807 2346 damnatus
819 2327 948 2352 actusque
967 2321 992 2345 in
1006 2322 1130 2346 exsilium
1142 2321 1228 2346 fuerat
1243 2330 1250 2352 3
1276 2325 1303 2346 et
1316 2321 1413 2346 Livius

138 2355 262 2386 Claudio,
276 2356 342 2387 quod
356 2355 450 2379 salsum
465 2355 489 2379 in
503 2362 529 2379 se
543 2355 725 2379 testimonium
737 2354 859 2385 dixisset,
873 2359 899 2378 ct
912 2354 978 2385 (prod
999 2362 1049 2378 non
1063 2354 1129 2378 bona
1147 2354 1197 2378 tide
1216 2361 1304 2378 secum
1318 2354 1342 2378 in
1355 2362 1414 2385 gru-

138 2387 204 2412 tiam
218 2388 337 2412 redisset.
373 2388 446 2412 Idem
460 2395 551 2411 omnes
563 2387 657 2417 tribus,
671 2393 746 2411 extra
768 2395 856 2413 tinam,
876 2387 980 2410 wrarias
994 2386 1112 2417 reliquit,
1127 2386 1193 2418 quod
1206 2391 1233 2410 et
1247 2386 1413 2410 innocentem

138 2420 358 2478 {gfamssagssem’
372 2419 651 2484 εῐὲὁνξῑοοὲὃὲιῗυὶοηι
662 2426 848 2451 censoremque
861 2418 994 2443 fecissent.
1032 2419 1114 2451 [Cap.
1126 2426 1134 2443 r
1145 2425 1314 2443 —xxxvrrr.
1350 2425 1378 2443 υ.
1388 2426 1416 2442 c.

193 2466 226 2472 ·-
285 2470 291 2477 .
327 2461 354 2478 Α.
368 2461 394 2478 c.
438 2460 493 2477 0-
550 2469 555 2475 .
