1638 2765
156 193 204 231 16
676 192 766 223 'rm
791 192 896 222 mvn

205 286 316 324 XIV.
346 287 433 325 Post
464 288 603 336 aliquot
631 300 760 332 annos,
790 287 986 336 propinqui
1015 289 1114 337 regis
1150 289 1253 326 Tatii
1285 290 1475 342 legatos—-

154 339 400 376 Laurentium
420 340 592 389 pulsant:
613 352 801 398 quumque
822 339 1031 376 Laurentes
1055 341 1178 392 juret,
1158 343 1326 378 <rentium
1343 356 1467 394 age-5,

154 399 250 434 rent,
271 393 369 441 apud
398 393 554 429 'Iatium
583 393 702 441 gratia
730 404 880 428 suorum
909 399 946 427 et
974 404 1104 440 preces
1133 395 1216 441 plus
1243 403 1426 442 poterant.
1449 409 1474 446 ξς

154 443 274 493 Igitur
306 445 452 481 illorum
484 457 632 492 poenam
662 444 701 480 in
730 456 769 479 sc
801 444 930 480 vertit:
959 456 1047 480 narn
1066 444 1225 490 Lavinii,
1245 459 1358 494 quum
1380 448 1465 498 ad

153 496 307 532 solenne
327 497 555 533 sacrificium
584 496 630 532 eo
656 496 830 539 venisset,
852 508 1039 532 concursu
1060 496 1171 543 facto,
1192 498 1456 535 interficitur.
1449 524 1466 550 5²

152 547 247 584 Eam
268 561 345 584 rem
366 547 489 584 mimis
509 561 608 596 aegre
641 561 751 596 quam
781 548 938 597 dignum
958 556 1051 595 erat,
1070 549 1198 585 tulisse
1219 550 1426 587 Romulum
1449 563 1473 593 :3

152 599 301 645 ferunt3
331 613 397 636 seu
417 601 464 637 ob
484 601 637 637 infidam
658 600 875 637 societatem
896 601 1015 649 regni,
1036 613 1103 637 seu
1134 602 1221 649 quia
1252 602 1352 638 haud
1372 596 1474 638 inu?

148 652 248 700 juria
280 665 419 689 cresum
449 653 639 689 credebat.
697 652 827 700 Itaque
860 653 958 689 bello
977 653 1127 700 quidem
1154 654 1357 690 abstinuit:
1387 663 1429 691 ut

151 713 278 741 tamen
299 705 538 753 expiarentur
557 705 764 753 legatorum
792 705 936 753 injuriae
955 705 1128 753 regisque
1148 706 1284 751 caedeS,
1306 706 1427 743 foedus

152 757 249 793 inter
269 757 433 793 Romam
453 757 727 804 Laviniumque
760 757 871 792 urbes
903 766 1121 793 renovatum
1146 766 1213 794 est.
1271 758 1320 794 Et
1339 771 1426 795 cum
1442 772 1472 797 10

151 808 210 844 his
228 809 380 856 quidem
409 809 598 857 insperata
625 821 697 856 pax
730 816 830 844 erat:
860 808 960 844 aliud
989 809 1105 844 multo
1135 809 1296 858 propius,
1317 819 1426 858 atque

150 860 189 896 in
221 861 312 909 ipsis
340 860 454 909 prope
473 861 600 909 portis,
630 860 766 896 bellum
798 868 933 897 ortum.
989 860 1207 907 Fidenates,
1237 862 1349 898 nimis
1378 863 1428 899 vi-

150 913 256 949 cinas
288 925 402 961 prope
434 926 474 949 se
507 912 771 949 convalescere
803 925 894 961 opes
929 913 1012 959 rati,
1041 913 1256 962 priusquam
1281 921 1426 950 tantum

150 964 292 1001 roboris
311 973 421 1008 esset,
441 973 622 1013 quantum
652 964 816 1001 futurum
837 965 1050 1013 apparebat,
1070 974 1259 1014 occupant
1287 966 1427 1003 bellum

149 1016 286 1053 facere.
343 1017 548 1054 Juventute
569 1018 712 1053 armata
731 1017 910 1062 immissa,
933 1025 1095 1053 vastatur
1112 1018 1191 1067 agi-i
1207 1019 1303 1065 quod
1330 1019 1472 1058 interis

150 1068 290 1105 Urbem
311 1082 355 1106 ac
375 1069 541 1105 Fidenas
560 1076 627 1106 est.
684 1069 779 1105 Inde
812 1070 855 1105 ad
890 1069 1019 1105 laevam
1053 1070 1161 1116 versi,
1180 1071 1268 1127 quia
1295 1071 1427 1107 dextra

149 1121 303 1158 Tiberis
323 1122 488 1164 arcebat,
515 1134 602 1158 cum
631 1134 770 1170 magna
802 1121 1049 1170 trepidatione
1078 1122 1280 1170 agrestium
1310 1135 1426 1171 popu-

148 1173 297 1209 lantur:
327 1174 583 1221 tumultusque
603 1186 749 1222 repens,
770 1186 816 1209 ex
845 1174 944 1222 agris
972 1174 1011 1209 in
1043 1173 1185 1210 Urbem
1204 1174 1339 1219 illatus,
1361 1187 1426 1232 pro

149 1226 282 1262 nuntio
302 1226 382 1262 fuit.
438 1225 597 1262 Excitus
618 1226 804 1262 Romulus
826 1225 966 1274 (neque
985 1225 1085 1262 enim
1113 1226 1328 1263 dilationem
1350 1227 1425 1275 pati

149 1285 224 1314 tam
257 1278 424 1314 vicinum
457 1278 596 1315 bellum
625 1278 786 1327 poterat)
819 1278 1027 1314 exercitum
1063 1278 1216 1314 educit:
1255 1287 1379 1315 castra
1405 1291 1471 1317 aao

150 1329 307 1366 Fidenis
327 1330 427 1366 mille
455 1342 633 1378 passuum
661 1330 781 1366 locat:
820 1330 872 1366 ibi
901 1330 1049 1366 modico
1079 1331 1252 1378 praesidio
1281 1331 1425 1374 relicto,

149 1394 323 1432 egressus
341 1382 517 1419 omnibus
546 1382 675 1432 copiis,
696 1389 839 1431 partem
869 1381 1027 1418 militum
1058 1381 1152 1418 locis
1180 1382 1283 1419 circa
1309 1383 1428 1420 densa

148 1435 270 1473 obsita
298 1435 459 1486 virgulta
488 1436 660 1474 obscuris
691 1437 886 1474 subsidere
919 1436 957 1474 in
990 1436 1136 1474 insidiis
1161 1436 1296 1487 jussit;
1338 1449 1424 1476 eum

148 1496 252 1537 parte
272 1490 411 1538 majore
431 1497 540 1538 atque
559 1490 662 1526 omni
683 1490 850 1538 equitatu
869 1490 1070 1538 profectuS,
1095 1490 1150 1537 (id
1169 1491 1267 1537 quod
1287 1503 1427 1538 quaere-

149 1541 230 1591 bat)
252 1541 482 1578 tumultuoso
501 1549 538 1578 et
559 1542 697 1578 minaci
717 1554 856 1590 genere
885 1554 1035 1590 pugnae,
1056 1542 1310 1590 adequitando
1335 1543 1471 1591 ipsis25

148 1593 262 1641 prope
283 1594 408 1642 portiS‚
430 1594 574 1630 hostem
606 1593 765 1630 excivit:
795 1594 892 1642 fugae
921 1606 1079 1641 quoque,
1109 1607 1190 1642 quae
1211 1595 1427 1632 simulanda

148 1652 240 1689 erat,
260 1646 394 1682 eadem
413 1647 596 1694 equestris
614 1659 741 1695 pugna
752 1659 906 1682 causam
926 1645 1052 1682 minus
1071 1647 1279 1682 mirabilem
1299 1647 1425 1684 dedit:

148 1704 186 1733 et
212 1710 338 1745 quum,
374 1698 473 1734 velut
501 1698 597 1734 inter
622 1711 759 1747 pugnae
788 1698 959 1747 fugaeque
989 1698 1186 1734 consilium
1215 1699 1426 1747 trepidante

148 1750 329 1797 equitatu,
349 1751 466 1798 pedes
484 1763 630 1798 quoque
651 1751 803 1787 referret
821 1751 994 1799 gradum,
1013 1751 1134 1799 plenis
1161 1751 1314 1799 repente
1345 1764 1426 1799 por-

147 1802 195 1838 tis
213 1802 322 1838 effusi
343 1803 481 1845 hostes,
502 1803 663 1850 impulsa
693 1803 871 1839 Romana
899 1803 994 1849 acie,
1022 1803 1146 1839 studio
1178 1803 1341 1839 instandi
1369 1815 1471 1845 se-30

148 1855 361 1902 quendique
399 1855 596 1891 trahuntur
628 1855 675 1891 ad
703 1855 828 1891 locum
864 1855 1096 1891 insidiarum.
1169 1855 1265 1891 Inde
1301 1855 1424 1891 subito

148 1907 270 1943 exorti
298 1907 464 1943 Romani
485 1914 734 1943 transversam
764 1907 946 1943 invadunt
965 1907 1126 1943 hostium
1157 1907 1290 1943 aciem.
1346 1907 1426 1944 Ad-

148 1958 244 1995 dunt
270 1971 445 2007 pavorem
474 1967 574 1995 mota
602 1972 622 1995 e
651 1959 782 1996 castris
801 1959 909 2008 signa
936 1971 1080 2001 eorum,
1100 1959 1162 2006 qui
1192 1959 1228 1995 in
1250 1959 1425 2007 praesidio

148 2010 270 2047 relicti
307 2010 480 2048 fuerant.
519 2011 570 2047 ita
602 2011 799 2060 multiplici
827 2019 968 2048 terrore
1005 2011 1167 2059 perculsi
1206 2011 1424 2054 Fidenates,

148 2063 252 2111 prius
279 2076 386 2112 paene
414 2076 525 2111 quam
561 2063 762 2107 Romulus,
795 2063 932 2111 quique
961 2076 1047 2099 cum
1077 2075 1122 2099 eo
1153 2063 1259 2111 equis
1291 2064 1471 2106 ierant,35

148 2115 452 2164 circumagerent
472 2115 586 2152 frenis
606 2129 734 2174 equos,
755 2124 861 2163 terga
876 2123 1046 2159 v3ertunt
1068 2114 1256 2163 multoque
1272 2116 1426 2152 eflusius

151 2167 305 2216 (quippe
336 2180 422 2204 vera
451 2168 572 2218 fuga),
593 2169 653 2216 qui
684 2168 903 2204 simulantes
922 2166 1032 2215 paulo
1052 2167 1137 2203 ante
1157 2167 1276 2204 secuti
1305 2176 1424 2212 erant,

149 2220 326 2278 oppidum
347 2221 588 2268 repetebant.
619 2233 692 2256 non
716 2227 840 2256 tamen
861 2231 987 2267 er1pu1
991 2232 1030 2255 re
1059 2232 1099 2255 se
1127 2220 1248 2256 hosti:
1279 2220 1426 2256 haerens

150 2272 187 2308 in
208 2280 314 2320 terga
332 2271 544 2318 Romanus,
564 2271 666 2320 prius
684 2284 796 2320 quam
817 2271 914 2308 sores
940 2279 1130 2320 portarum
1158 2271 1424 2320 objicerentur,

150 2323 250 2361 velut
268 2324 419 2373 agmine
440 2337 515 2361 uno
534 2303 714 2373 irrumpit.
1437 2339 1471 2365 4ο

202 2428 290 2465 XV.
320 2428 416 2465 Belli
444 2413 641 2465 Fid-enatis
660 2428 886 2477 contagione
912 2428 1042 2465 irritati
1072 2428 1290 2477 Vejeutium
1310 2429 1425 2465 animi

150 2488 186 2518 et
205 2480 534 2531 consanguinitate
557 2482 661 2529 (nam
684 2480 887 2517 Fidenates
906 2493 1050 2529 quoque
1071 2481 1222 2518 Etrusci
1243 2481 1424 2532 suerunt),
