1617 2765
601 176 740 208 LIBER
762 176 858 207 XXI.
904 184 985 207 CAP.
1000 185 1059 207 xv.
1400 179 1477 218 175

190 270 383 320 “tumque
401 285 527 316 omne,
547 271 741 321 publicum
760 270 1033 319 privatumque,
1064 269 1110 306 ad
1130 282 1169 306 se
1186 269 1293 319 jubet
1311 271 1447 310 deferri
1465 285 1474 311 ε

192 323 434 373 “conjugum
464 331 658 372 vestraque
692 335 848 371 corpora
868 335 912 358 ac
941 322 1143 358 liberorum
1164 329 1368 360 vestrorum
1399 338 1475 362 ser-

191 377 290 414 “vat
310 376 496 419 inviolata,
527 376 557 412 si
584 377 748 412 inermes
767 388 854 411 curn
890 375 988 410 binis
1017 374 1251 410 vestimentis
1285 375 1406 412 velitis
1426 378 1473 413 ab

191 429 399 477 “Sagunto
418 428 536 465 exire.
594 428 689 464 Haec
709 428 828 463 victor
855 427 971 463 hostis
991 426 1159 474 imperat.
1218 427 1324 471 Haec,
1345 440 1474 475 quam-

161 481 215 515 5“
226 493 337 529 quarn
358 480 433 516 sint
450 480 579 529 gravia
606 488 716 527 atque
746 479 895 522 acerba,
931 479 1078 515 fortuna
1111 485 1232 514 vestra
1257 479 1362 515 vobis
1390 492 1474 516 sua-

190 534 214 555 “
227 534 301 569 det.
358 532 544 581 Equidem
565 532 665 568 haud
698 531 868 579 despero,
901 543 1016 579 quum
1046 531 1216 567 omnium
1241 538 1405 578 potestas
1438 532 1473 569 ei

189 586 214 607 “
228 585 327 622 sacta
346 585 404 630 sit,
425 584 564 632 aliquid
603 596 651 620 ex
685 583 743 619 his
772 583 884 619 rebus
904 583 1159 619 remissurum.
1217 583 1293 619 Sed
1314 584 1370 619 vel
1391 584 1473 620 haec

188 637 404 686 “patienda
439 649 578 673 censeo
614 635 754 685 potius,
792 635 903 683 quam
940 635 1121 671 trucidari
1154 647 1311 684 corpora
1338 643 1474 684 vestra,

187 691 212 711 “
225 690 304 738 rapi
324 689 494 737 trahique
514 695 601 725 ante
619 701 685 726 ora
714 695 835 724 vestra
851 687 1034 737 conjuges
1054 699 1099 724 ac
1118 687 1255 724 liberos
1275 687 1363 724 belli
1388 688 1473 738 jure

144 748 175 774 10
188 743 212 764 “
225 741 394 778 sinatis.’'

240 846 351 884 XIV.
398 846 460 882 Ad
497 846 580 883 haec
618 846 820 888 audienda,
857 858 987 894 quum,
1024 844 1256 883 circumfusa
1292 845 1473 894 paulatim

187 898 440 944 multitudine,
460 899 686 956 permixtum
706 898 853 935 senatui
873 905 971 934 esset
990 898 1115 946 populi
1141 898 1347 934 concilium
1365 911 1373 944 ;
1415 911 1474 935 re-

189 950 301 999 pente
322 951 516 998 primores,
536 951 750 986 secessione
771 950 882 996 facta,
917 950 1148 999 (priusquam
1168 963 1389 1001 responsum
1409 951 1473 987 da·-

187 1002 308 1052 retur)
331 1009 528 1048 argentum
549 1014 755 1049 aurumque
774 1013 900 1044 omne,
934 1014 983 1037 ex
1013 1001 1165 1049 publico
1197 1002 1413 1060 privatoque
1433 1002 1472 1038 in

144 1061 174 1087 1⁵
187 1053 308 1091 forum
327 1054 549 1100 collatum,
540 1066 578 1090 m
600 1053 727 1102 ignem
748 1053 794 1089 ad
815 1053 852 1089 id
880 1053 1013 1101 raptim
1048 1054 1189 1089 factum
1209 1054 1471 1102 conjicientes,

185 1105 319 1143 eodem
345 1106 512 1155 plerique
542 1113 662 1142 semet
695 1105 765 1154 ipsi
793 1105 1133 1154 praecipitaverunt.
1188 1105 1323 1144 Quum
1352 1119 1399 1142 ex
1427 1119 1473 1143 eo

186 1171 298 1208 pavor
328 1171 373 1194 ac
406 1158 604 1206 trepidatio
623 1165 738 1194 totam
758 1158 889 1194 urbem
922 1158 1157 1206 pervasisset,
1190 1158 1284 1194 alius
1317 1159 1470 1207 insuper

185 1210 368 1248 tumultus
387 1223 436 1246 ex
457 1222 543 1246 arce
564 1210 724 1247 auditur.
781 1209 916 1246 Turris
935 1210 1000 1246 diu
1030 1217 1205 1258 quassata
1232 1210 1444 1258 prociderat
1462 1223 1470 1248 :

185 1275 326 1312 perque
362 1262 510 1299 ruinam
547 1262 629 1311 ejus
665 1263 799 1299 cohors
832 1262 1034 1298 Poenorum
1064 1262 1206 1311 impetu
1238 1262 1336 1299 facto
1355 1275 1471 1311 quum

141 1315 338 1364 20signum
358 1315 573 1363 imperatori
598 1315 777 1361 dedisset,
810 1315 990 1350 nudatam
1021 1314 1244 1351 stationibus
1275 1315 1472 1352 custodiis-

185 1380 258 1416 que
291 1366 408 1404 solitis
441 1367 603 1403 hostium
637 1380 719 1403 esse
749 1367 908 1411 urbem3
955 1380 1030 1403 non
1068 1367 1326 1403 cunctandum
1348 1368 1386 1404 in
1405 1367 1470 1404 tali

185 1419 387 1457 occasione
423 1426 525 1455 ratus
563 1419 767 1464 Hannibal,
805 1419 892 1456 totis
925 1419 1065 1455 viribus
1096 1432 1296 1468 aggressus
1323 1420 1470 1467 urbem,

185 1478 376 1508 momento
396 1470 509 1520 cepit,
529 1471 638 1520 signo
657 1472 756 1513 dato,
790 1479 831 1507 ut
862 1484 994 1508 omnes
1023 1472 1184 1519 puberes
1214 1472 1472 1508 interficeren-

185 1530 270 1561 tur·
310 1523 410 1572 quod
436 1523 634 1572 imperium
667 1523 835 1569 crudele,
868 1522 1044 1559 caetertim
1078 1523 1191 1572 prope
1211 1524 1470 1561 necessarium

140 1576 381 1624 &cognitum
402 1575 481 1624 ipso
500 1582 639 1612 eventu
659 1582 726 1612 est.
783 1575 857 1611 Cui
877 1575 981 1611 enim
999 1576 1103 1623 parci
1122 1575 1243 1624 potuit
1258 1588 1307 1612 ex
1327 1576 1385 1620 iis,
1406 1576 1469 1625 qui

186 1635 251 1663 aut
266 1627 403 1663 inclusi
423 1639 511 1663 cum
530 1627 756 1676 conjugibus
776 1640 820 1664 ac
854 1627 981 1664 liberis
1000 1628 1130 1664 domos
1160 1641 1272 1676 super
1301 1641 1342 1665 se
1369 1629 1470 1677 ipsos

187 1685 537 1724 concremaverunt,
574 1686 638 1715 aut
675 1679 806 1716 armati
843 1680 987 1716 nullum
1031 1680 1117 1716 ante
1160 1680 1275 1716 finem
1317 1693 1470 1730 pugnae,

186 1743 298 1780 quam
319 1731 534 1778 morientes,
554 1730 755 1768 fecerunt?

240 1835 330 1872 XV.
378 1835 539 1884 Captum
559 1836 738 1884 oppidum
757 1843 814 1874 est
833 1849 919 1873 cum
952 1837 1096 1886 ingenti
1128 1837 1268 1886 praeda.
1323 1837 1471 1878 Quam-

140 1897 294 1937 uoquam
315 1887 490 1937 pleraque
511 1888 557 1924 ab
583 1888 745 1924 dominis
770 1889 817 1925 de
838 1889 1020 1925 industria
1040 1897 1215 1938 corrupta
1233 1897 1352 1934 erant,
1372 1898 1410 1927 et
1430 1891 1468 1927 in

184 1940 353 1977 caedibus
373 1940 434 1977 vix
454 1939 571 1976 ullum
588 1940 792 1977 discrimen
814 1941 933 1977 aetatis
948 1941 1002 1977 ira
1021 1941 1174 1988 fecerat,
1195 1950 1232 1978 et
1248 1942 1384 1991 captivi
1402 1943 1470 1980 mi-

183 1992 291 2029 litum
309 1993 436 2041 praeda
455 1992 627 2038 fuerant3
667 2000 793 2029 tamen
813 2000 851 2029 et
870 2006 916 2029 ex
935 1994 1054 2042 pretio
1087 2006 1211 2030 rerum
1232 1995 1468 2032 venditarum

184 2045 415 2094 aliquantum
435 2045 606 2093 peouniae
626 2046 820 2082 redactum
837 2058 920 2082 esse
940 2052 1099 2092 constat,
1116 2053 1153 2082 et
1166 2046 1320 2083 multam
1333 2047 1469 2095 pretio-

185 2109 264 2133 sam
284 2097 557 2145 supellectilem
576 2106 791 2146 vestemque
808 2098 959 2134 missam
981 2098 1264 2147 Carthaginem.
1321 2099 1469 2137 Octavo

139 2158 172 2184 35
185 2161 327 2192 mense,
348 2149 458 2197 quam
478 2156 643 2197 coeptum
659 2150 881 2199 oppugnari,
898 2157 1049 2199 captum
1071 2151 1296 2199 Saguntum,
1315 2151 1467 2200 quidam

184 2201 366 2249 scripsere
383 2213 392 2238 ι
421 2201 509 2238 inde
529 2201 799 2251 Carthaginem
816 2203 963 2240 Novam
983 2203 1021 2239 in
1035 2203 1193 2239 hiberna
1209 2204 1466 2241 Hannibalem

185 2253 442 2289 concessisse:
488 2253 619 2301 quinto
654 2255 792 2291 deinde
828 2267 971 2298 mense,
1009 2254 1120 2303 quam
1159 2256 1206 2292 ab
1235 2256 1465 2305 Carthagine

188 2305 378 2354 profectus
397 2305 456 2352 sit,
476 2305 515 2341 in
547 2306 692 2343 ltaliam
716 2307 941 2355 pervenisse.
996 2307 1098 2347 Quae
1131 2308 1161 2344 si
1193 2308 1245 2344 ita
1263 2316 1363 2352 sunt,
1384 2308 1464 2344 fieri

186 2370 262 2394 non
292 2357 423 2406 potuit,
455 2364 495 2393 ut
527 2356 567 2394 P.
597 2358 808 2407 Cornelius,
842 2360 906 2396 Ti.
929 2361 1175 2409 Sempronius
1193 2360 1368 2397 consules
1387 2360 1465 2396 sue-

140 2416 174 2442 40
186 2409 272 2454 rint,
306 2410 352 2445 ad
383 2422 475 2457 quos
502 2415 540 2446 et
571 2410 756 2460 principio
791 2413 1081 2471 oppugnationis
1117 2413 1230 2462 legati
1261 2412 1464 2461 Saguntini

187 2461 291 2499 missi
313 2462 400 2506 sint,
419 2466 456 2498 et
473 2463 534 2511 qui
556 2462 593 2499 in
614 2475 680 2501 suo
699 2464 919 2514 magistratu
945 2478 1033 2502 cum
1055 2465 1284 2509 Hannibale,
1306 2465 1397 2500 alter
1417 2464 1462 2500 ad
