<?xml version="1.0" encoding="UTF-8"?>
<!DOCTYPE html PUBLIC "-//W3C//DTD XHTML 1.0 Transitional//EN"
    "http://www.w3.org/TR/xhtml1/DTD/xhtml1-transitional.dtd">
<html xmlns="http://www.w3.org/1999/xhtml" xml:lang="en" lang="en">
 <head>
  <title>
</title>
<meta http-equiv="Content-Type" content="text/html;charset=utf-8" />
  <meta name='ocr-system' content='tesseract 3.04.00' />
  <meta name='ocr-capabilities' content='ocr_page ocr_carea ocr_par ocr_line ocrx_word'/>
</head>
<body>
  <div class='ocr_page' id='page_1' title='image "./historiarumliber00livyuoft_0218.png"; bbox 0 0 1617 2765; ppageno 0'>
   <div class='ocr_carea' id='block_1_1' title="bbox 150 162 899 200">
    <p class='ocr_par' dir='ltr' id='par_1_1' title="bbox 150 162 899 200">
     <span class='ocr_line' id='line_1_1' title="bbox 150 162 899 200; baseline -0.009 0"><span class='ocrx_word' id='word_1_1' title='bbox 150 163 229 200; x_wconf 81' lang='lat'><strong>200</strong></span> <span class='ocrx_word' id='word_1_2' title='bbox 672 162 763 194; x_wconf 87' lang='lat' dir='ltr'>T1T1</span> <span class='ocrx_word' id='word_1_3' title='bbox 787 163 899 194; x_wconf 81' lang='lat' dir='ltr'><strong>Lrvn</strong></span> 
     </span>
    </p>
   </div>
   <div class='ocr_carea' id='block_1_2' title="bbox 149 255 1478 1034">
    <p class='ocr_par' dir='ltr' id='par_1_2' title="bbox 149 255 1478 1034">
     <span class='ocr_line' id='line_1_2' title="bbox 151 255 1434 307; baseline 0.003 -16"><span class='ocrx_word' id='word_1_4' title='bbox 151 262 260 292; x_wconf 84' lang='lat' dir='ltr'><strong>sunt:</strong></span> <span class='ocrx_word' id='word_1_5' title='bbox 289 255 456 305; x_wconf 67' lang='lat' dir='ltr'><strong>adeoque</strong></span> <span class='ocrx_word' id='word_1_6' title='bbox 476 263 591 294; x_wconf 91' lang='lat' dir='ltr'><strong>totam</strong></span> <span class='ocrx_word' id='word_1_7' title='bbox 612 258 744 294; x_wconf 89' lang='lat' dir='ltr'><strong>urbem</strong></span> <span class='ocrx_word' id='word_1_8' title='bbox 771 259 933 307; x_wconf 84' lang='lat' dir='ltr'><strong>opplevit</strong></span> <span class='ocrx_word' id='word_1_9' title='bbox 963 257 1102 305; x_wconf 81' lang='lat' dir='ltr'><strong>luctus,</strong></span> <span class='ocrx_word' id='word_1_10' title='bbox 1137 265 1178 295; x_wconf 93' lang='lat' dir='ltr'><strong>ut</strong></span> <span class='ocrx_word' id='word_1_11' title='bbox 1197 270 1347 294; x_wconf 89' lang='lat' dir='ltr'><strong>sacrum</strong></span> <span class='ocrx_word' id='word_1_12' title='bbox 1368 271 1434 295; x_wconf 84' lang='lat' dir='ltr'><strong>an-</strong></span> 
     </span>
     <span class='ocr_line' id='line_1_3' title="bbox 150 308 1435 359; baseline 0.003 -16"><span class='ocrx_word' id='word_1_13' title='bbox 150 308 397 344; x_wconf 85' lang='lat' dir='ltr'><strong>niversarium</strong></span> <span class='ocrx_word' id='word_1_14' title='bbox 431 309 582 346; x_wconf 86' lang='lat' dir='ltr'><strong>Cereris</strong></span> <span class='ocrx_word' id='word_1_15' title='bbox 610 310 864 347; x_wconf 87' lang='lat' dir='ltr'><strong>intermissum</strong></span> <span class='ocrx_word' id='word_1_16' title='bbox 886 311 956 354; x_wconf 82' lang='lat' dir='ltr'><strong>sit3</strong></span> <span class='ocrx_word' id='word_1_17' title='bbox 1003 311 1090 359; x_wconf 89' lang='lat' dir='ltr'><strong>quia</strong></span> <span class='ocrx_word' id='word_1_18' title='bbox 1123 323 1196 347; x_wconf 90' lang='lat' dir='ltr'><strong>nec</strong></span> <span class='ocrx_word' id='word_1_19' title='bbox 1215 310 1435 359; x_wconf 86' lang='lat' dir='ltr'><strong>lugentibus</strong></span> 
     </span>
     <span class='ocr_line' id='line_1_4' title="bbox 151 359 1434 411; baseline 0.003 -16"><span class='ocrx_word' id='word_1_20' title='bbox 151 359 188 395; x_wconf 88' lang='lat' dir='ltr'><strong>id</strong></span> <span class='ocrx_word' id='word_1_21' title='bbox 210 359 334 397; x_wconf 87' lang='lat' dir='ltr'><strong>facere</strong></span> <span class='ocrx_word' id='word_1_22' title='bbox 363 368 419 398; x_wconf 90' lang='lat' dir='ltr'><strong>est</strong></span> <span class='ocrx_word' id='word_1_23' title='bbox 439 361 506 404; x_wconf 84' lang='lat' dir='ltr'><strong>fas,</strong></span> <span class='ocrx_word' id='word_1_24' title='bbox 528 374 599 398; x_wconf 90' lang='lat' dir='ltr'><strong>nec</strong></span> <span class='ocrx_word' id='word_1_25' title='bbox 620 362 695 398; x_wconf 92' lang='lat' dir='ltr'><strong>ulla</strong></span> <span class='ocrx_word' id='word_1_26' title='bbox 715 363 752 398; x_wconf 91' lang='lat' dir='ltr'><strong>in</strong></span> <span class='ocrx_word' id='word_1_27' title='bbox 773 363 837 399; x_wconf 72' lang='lat' dir='ltr'><strong>illa</strong></span> <span class='ocrx_word' id='word_1_28' title='bbox 856 370 1080 411; x_wconf 81' lang='lat' dir='ltr'>tempestate</span> <span class='ocrx_word' id='word_1_29' title='bbox 1110 370 1281 399; x_wconf 88' lang='lat' dir='ltr'><strong>matrona</strong></span> <span class='ocrx_word' id='word_1_30' title='bbox 1300 375 1434 410; x_wconf 81' lang='lat' dir='ltr'>expers</span> 
     </span>
     <span class='ocr_line' id='line_1_5' title="bbox 149 411 1435 462; baseline 0.003 -15"><span class='ocrx_word' id='word_1_31' title='bbox 149 411 272 449; x_wconf 75' lang='lat' dir='ltr'><strong>luctus</strong></span> <span class='ocrx_word' id='word_1_32' title='bbox 292 413 422 449; x_wconf 88' lang='lat' dir='ltr'><strong>fuerat.</strong></span> <span class='ocrx_word' id='word_1_33' title='bbox 467 413 611 461; x_wconf 88' lang='lat' dir='ltr'><strong>Itaque,</strong></span> <span class='ocrx_word' id='word_1_34' title='bbox 627 427 674 450; x_wconf 91' lang='lat' dir='ltr'><strong>ne</strong></span> <span class='ocrx_word' id='word_1_35' title='bbox 694 415 742 451; x_wconf 92' lang='lat' dir='ltr'><strong>ob</strong></span> <span class='ocrx_word' id='word_1_36' title='bbox 762 416 934 451; x_wconf 89' lang='lat' dir='ltr'><strong>eamdem</strong></span> <span class='ocrx_word' id='word_1_37' title='bbox 952 427 1105 451; x_wconf 88' lang='lat' dir='ltr'><strong>causam</strong></span> <span class='ocrx_word' id='word_1_38' title='bbox 1123 415 1195 451; x_wconf 85' lang='lat' dir='ltr'><strong>alia</strong></span> <span class='ocrx_word' id='word_1_39' title='bbox 1210 426 1357 462; x_wconf 88' lang='lat' dir='ltr'><strong>quoque</strong></span> <span class='ocrx_word' id='word_1_40' title='bbox 1377 427 1435 451; x_wconf 90' lang='lat' dir='ltr'><strong>sa-</strong></span> 
     </span>
     <span class='ocr_line' id='line_1_6' title="bbox 151 465 1478 513; baseline 0 -13"><span class='ocrx_word' id='word_1_41' title='bbox 151 476 216 500; x_wconf 90' lang='lat' dir='ltr'><strong>cra</strong></span> <span class='ocrx_word' id='word_1_42' title='bbox 234 465 388 513; x_wconf 89' lang='lat' dir='ltr'><strong>publica</strong></span> <span class='ocrx_word' id='word_1_43' title='bbox 407 472 471 501; x_wconf 90' lang='lat' dir='ltr'><strong>aut</strong></span> <span class='ocrx_word' id='word_1_44' title='bbox 490 466 631 513; x_wconf 87' lang='lat' dir='ltr'><strong>privata</strong></span> <span class='ocrx_word' id='word_1_45' title='bbox 646 467 922 512; x_wconf 84' lang='lat' dir='ltr'><strong>desererentur,</strong></span> <span class='ocrx_word' id='word_1_46' title='bbox 944 467 1287 503; x_wconf 76' lang='lat' dir='ltr'><strong>senatus-consulto</strong></span> <span class='ocrx_word' id='word_1_47' title='bbox 1300 466 1433 503; x_wconf 91' lang='lat' dir='ltr'><strong>diebus</strong></span> <span class='ocrx_word' id='word_1_48' title='bbox 1462 476 1478 500; x_wconf 85' lang='lat'>5</span> 
     </span>
     <span class='ocr_line' id='line_1_7' title="bbox 150 516 1434 567; baseline 0.002 -15"><span class='ocrx_word' id='word_1_49' title='bbox 150 516 304 565; x_wconf 86' lang='lat' dir='ltr'><strong>triginta</strong></span> <span class='ocrx_word' id='word_1_50' title='bbox 331 517 456 554; x_wconf 90' lang='lat' dir='ltr'><strong>luctus</strong></span> <span class='ocrx_word' id='word_1_51' title='bbox 485 524 542 553; x_wconf 87' lang='lat' dir='ltr'><strong>est</strong></span> <span class='ocrx_word' id='word_1_52' title='bbox 567 517 706 555; x_wconf 89' lang='lat' dir='ltr'><strong>finitus.</strong></span> <span class='ocrx_word' id='word_1_53' title='bbox 775 519 977 562; x_wconf 78' lang='lat' dir='ltr'><strong>Caeterum,</strong></span> <span class='ocrx_word' id='word_1_54' title='bbox 1011 532 1140 567; x_wconf 89' lang='lat' dir='ltr'><strong>quum,</strong></span> <span class='ocrx_word' id='word_1_55' title='bbox 1171 519 1301 555; x_wconf 89' lang='lat' dir='ltr'><strong>sedato</strong></span> <span class='ocrx_word' id='word_1_56' title='bbox 1330 518 1434 555; x_wconf 90' lang='lat' dir='ltr'><strong>urbis</strong></span> 
     </span>
     <span class='ocr_line' id='line_1_8' title="bbox 149 569 1434 618; baseline 0.002 -14"><span class='ocrx_word' id='word_1_57' title='bbox 149 569 325 615; x_wconf 85' lang='lat' dir='ltr'><strong>tumultu,</strong></span> <span class='ocrx_word' id='word_1_58' title='bbox 347 571 509 606; x_wconf 85' lang='lat' dir='ltr'><strong>revocati</strong></span> <span class='ocrx_word' id='word_1_59' title='bbox 530 570 569 605; x_wconf 91' lang='lat' dir='ltr'><strong>in</strong></span> <span class='ocrx_word' id='word_1_60' title='bbox 589 571 733 607; x_wconf 91' lang='lat' dir='ltr'><strong>curiam</strong></span> <span class='ocrx_word' id='word_1_61' title='bbox 768 571 898 608; x_wconf 90' lang='lat' dir='ltr'><strong>Patres</strong></span> <span class='ocrx_word' id='word_1_62' title='bbox 927 579 1067 615; x_wconf 90' lang='lat' dir='ltr'><strong>essent,</strong></span> <span class='ocrx_word' id='word_1_63' title='bbox 1102 571 1184 607; x_wconf 79' lang='lat' dir='ltr'><strong>aliae</strong></span> <span class='ocrx_word' id='word_1_64' title='bbox 1215 571 1367 618; x_wconf 85' lang='lat' dir='ltr'><strong>insuper</strong></span> <span class='ocrx_word' id='word_1_65' title='bbox 1387 583 1434 607; x_wconf 86' lang='lat' dir='ltr'><strong>ex</strong></span> 
     </span>
     <span class='ocr_line' id='line_1_9' title="bbox 150 600 1434 672; baseline 0.001 -15"><span class='ocrx_word' id='word_1_66' title='bbox 150 620 283 657; x_wconf 86' lang='lat' dir='ltr'>Sicilia</span> <span class='ocrx_word' id='word_1_67' title='bbox 302 600 420 658; x_wconf 87' lang='lat' dir='ltr'><strong>literae</strong></span> <span class='ocrx_word' id='word_1_68' title='bbox 441 621 561 657; x_wconf 82' lang='lat' dir='ltr'><strong>allatae</strong></span> <span class='ocrx_word' id='word_1_69' title='bbox 591 629 679 658; x_wconf 86' lang='lat' dir='ltr'><strong>sunt</strong></span> <span class='ocrx_word' id='word_1_70' title='bbox 699 624 745 658; x_wconf 90' lang='lat' dir='ltr'><strong>ab</strong></span> <span class='ocrx_word' id='word_1_71' title='bbox 765 623 814 659; x_wconf 89' lang='grc' dir='ltr'><strong>Τ.</strong></span> <span class='ocrx_word' id='word_1_72' title='bbox 835 624 1002 660; x_wconf 88' lang='lat' dir='ltr'><strong>Otacilio</strong></span> <span class='ocrx_word' id='word_1_73' title='bbox 1030 630 1268 672; x_wconf 83' lang='lat' dir='ltr'><strong>propraetore,</strong></span> <span class='ocrx_word' id='word_1_74' title='bbox 1292 629 1315 645; x_wconf 78' lang='lat'><strong>‘⁴</strong></span> <span class='ocrx_word' id='word_1_75' title='bbox 1330 622 1434 672; x_wconf 86' lang='lat' dir='ltr'><strong>Reg-</strong></span> 
     </span>
     <span class='ocr_line' id='line_1_10' title="bbox 151 673 1433 723; baseline 0.002 -14"><span class='ocrx_word' id='word_1_76' title='bbox 151 678 174 695; x_wconf 90' lang='lat'><strong>“</strong></span> <span class='ocrx_word' id='word_1_77' title='bbox 188 685 279 709; x_wconf 91' lang='lat' dir='ltr'><strong>num</strong></span> <span class='ocrx_word' id='word_1_78' title='bbox 301 674 481 710; x_wconf 89' lang='lat' dir='ltr'><strong>Hieronis</strong></span> <span class='ocrx_word' id='word_1_79' title='bbox 501 673 621 710; x_wconf 90' lang='lat' dir='ltr'><strong>classe</strong></span> <span class='ocrx_word' id='word_1_80' title='bbox 643 674 788 711; x_wconf 88' lang='lat' dir='ltr'><strong>Punica</strong></span> <span class='ocrx_word' id='word_1_81' title='bbox 808 676 969 712; x_wconf 89' lang='lat' dir='ltr'><strong>vastari.</strong></span> <span class='ocrx_word' id='word_1_82' title='bbox 1013 676 1075 711; x_wconf 92' lang='lat' dir='ltr'><strong>cui</strong></span> <span class='ocrx_word' id='word_1_83' title='bbox 1099 688 1215 723; x_wconf 91' lang='lat' dir='ltr'><strong>quum</strong></span> <span class='ocrx_word' id='word_1_84' title='bbox 1235 687 1343 723; x_wconf 91' lang='lat' dir='ltr'><strong>opem</strong></span> <span class='ocrx_word' id='word_1_85' title='bbox 1366 688 1433 711; x_wconf 82' lang='lat' dir='ltr'><strong>lm-</strong></span> 
     </span>
     <span class='ocr_line' id='line_1_11' title="bbox 151 725 1478 773; baseline -0.001 -12"><span class='ocrx_word' id='word_1_86' title='bbox 151 730 174 747; x_wconf 90' lang='lat'><strong>“</strong></span> <span class='ocrx_word' id='word_1_87' title='bbox 188 725 347 773; x_wconf 85' lang='lat' dir='ltr'>ploranti</span> <span class='ocrx_word' id='word_1_88' title='bbox 369 726 463 762; x_wconf 88' lang='lat' dir='ltr'><strong>ferre</strong></span> <span class='ocrx_word' id='word_1_89' title='bbox 485 726 608 769; x_wconf 88' lang='lat' dir='ltr'><strong>vellet,</strong></span> <span class='ocrx_word' id='word_1_90' title='bbox 630 727 845 763; x_wconf 84' lang='lat' dir='ltr'><strong>nuntiatum</strong></span> <span class='ocrx_word' id='word_1_91' title='bbox 866 728 936 763; x_wconf 88' lang='lat' dir='ltr'>sibi</span> <span class='ocrx_word' id='word_1_92' title='bbox 957 740 1051 772; x_wconf 90' lang='lat' dir='ltr'><strong>esse,</strong></span> <span class='ocrx_word' id='word_1_93' title='bbox 1073 727 1184 763; x_wconf 89' lang='lat' dir='ltr'><strong>aliam</strong></span> <span class='ocrx_word' id='word_1_94' title='bbox 1205 727 1362 763; x_wconf 79' lang='lat' dir='ltr'><strong>classem</strong></span> <span class='ocrx_word' id='word_1_95' title='bbox 1385 727 1431 763; x_wconf 84' lang='lat' dir='ltr'><strong>ad</strong></span> <span class='ocrx_word' id='word_1_96' title='bbox 1448 736 1478 760; x_wconf 89' lang='lat'><strong>10</strong></span> 
     </span>
     <span class='ocr_line' id='line_1_12' title="bbox 150 777 1433 826; baseline 0.002 -13"><span class='ocrx_word' id='word_1_97' title='bbox 150 782 174 799; x_wconf 89' lang='lat'><strong>“</strong></span> <span class='ocrx_word' id='word_1_98' title='bbox 189 777 348 826; x_wconf 84' lang='lat' dir='ltr'><strong>AEgates</strong></span> <span class='ocrx_word' id='word_1_99' title='bbox 368 778 510 813; x_wconf 88' lang='lat' dir='ltr'><strong>insulas</strong></span> <span class='ocrx_word' id='word_1_100' title='bbox 529 785 640 820; x_wconf 87' lang='lat' dir='ltr'><strong>stare,</strong></span> <span class='ocrx_word' id='word_1_101' title='bbox 665 786 831 826; x_wconf 86' lang='lat' dir='ltr'><strong>paratam</strong></span> <span class='ocrx_word' id='word_1_102' title='bbox 866 779 1163 826; x_wconf 83' lang='lat' dir='ltr'><strong>instructamque</strong></span> <span class='ocrx_word' id='word_1_103' title='bbox 1181 793 1188 823; x_wconf 84' lang='lat'>3</span> <span class='ocrx_word' id='word_1_104' title='bbox 1233 786 1285 821; x_wconf 90' lang='lat' dir='ltr'><strong>ut,</strong></span> <span class='ocrx_word' id='word_1_105' title='bbox 1308 779 1372 814; x_wconf 91' lang='lat' dir='ltr'><strong>ubi</strong></span> <span class='ocrx_word' id='word_1_106' title='bbox 1392 791 1433 815; x_wconf 89' lang='lat' dir='ltr'><strong>se</strong></span> 
     </span>
     <span class='ocr_line' id='line_1_13' title="bbox 150 830 1432 879; baseline 0.002 -15"><span class='ocrx_word' id='word_1_107' title='bbox 150 834 174 851; x_wconf 88' lang='lat'><strong><em>“</em></strong></span> <span class='ocrx_word' id='word_1_108' title='bbox 188 841 333 866; x_wconf 88' lang='lat' dir='ltr'><strong>versum</strong></span> <span class='ocrx_word' id='word_1_109' title='bbox 355 830 402 865; x_wconf 93' lang='lat' dir='ltr'><strong>ad</strong></span> <span class='ocrx_word' id='word_1_110' title='bbox 421 830 602 866; x_wconf 87' lang='lat' dir='ltr'><strong>tuendam</strong></span> <span class='ocrx_word' id='word_1_111' title='bbox 638 831 916 879; x_wconf 82' lang='lat' dir='ltr'><strong>Syracusanam</strong></span> <span class='ocrx_word' id='word_1_112' title='bbox 948 844 1051 868; x_wconf 90' lang='lat' dir='ltr'><strong>oram</strong></span> <span class='ocrx_word' id='word_1_113' title='bbox 1083 831 1192 867; x_wconf 83' lang='lat' dir='ltr'><strong>Poeni</strong></span> <span class='ocrx_word' id='word_1_114' title='bbox 1213 831 1432 877; x_wconf 81' lang='lat' dir='ltr'><strong>sensissent,</strong></span> 
     </span>
     <span class='ocr_line' id='line_1_14' title="bbox 149 880 1434 932; baseline 0.002 -15"><span class='ocrx_word' id='word_1_115' title='bbox 149 880 399 930; x_wconf 85' lang='lat' dir='ltr'><strong>“Lilybaeum</strong></span> <span class='ocrx_word' id='word_1_116' title='bbox 421 882 609 931; x_wconf 85' lang='lat' dir='ltr'><strong>extemplo</strong></span> <span class='ocrx_word' id='word_1_117' title='bbox 636 883 943 932; x_wconf 90' lang='lat' dir='ltr'><strong>provinciamque</strong></span> <span class='ocrx_word' id='word_1_118' title='bbox 978 883 1089 920; x_wconf 88' lang='lat' dir='ltr'><strong>aliam</strong></span> <span class='ocrx_word' id='word_1_119' title='bbox 1123 883 1339 920; x_wconf 86' lang='lat' dir='ltr'><strong>Romanam</strong></span> <span class='ocrx_word' id='word_1_120' title='bbox 1370 894 1434 932; x_wconf 85' lang='lat' dir='ltr'><strong>ag-</strong></span> 
     </span>
     <span class='ocr_line' id='line_1_15' title="bbox 149 934 1432 985; baseline 0.002 -16"><span class='ocrx_word' id='word_1_121' title='bbox 149 934 460 982; x_wconf 83' lang='lat' dir='ltr'><strong>“grederentur:</strong></span> <span class='ocrx_word' id='word_1_122' title='bbox 509 935 633 983; x_wconf 89' lang='lat' dir='ltr'><strong>itaque</strong></span> <span class='ocrx_word' id='word_1_123' title='bbox 667 935 786 972; x_wconf 89' lang='lat' dir='ltr'><strong>classe</strong></span> <span class='ocrx_word' id='word_1_124' title='bbox 818 949 913 985; x_wconf 90' lang='lat' dir='ltr'><strong>opus</strong></span> <span class='ocrx_word' id='word_1_125' title='bbox 942 948 1038 982; x_wconf 81' lang='lat' dir='ltr'><strong>esse,</strong></span> <span class='ocrx_word' id='word_1_126' title='bbox 1067 936 1097 972; x_wconf 93' lang='lat' dir='ltr'><strong>si</strong></span> <span class='ocrx_word' id='word_1_127' title='bbox 1126 948 1255 985; x_wconf 85' lang='lat' dir='ltr'><strong>regern</strong></span> <span class='ocrx_word' id='word_1_128' title='bbox 1285 935 1432 972; x_wconf 87' lang='lat' dir='ltr'><strong>socium</strong></span> 
     </span>
     <span class='ocr_line' id='line_1_16' title="bbox 149 986 1478 1034; baseline 0.002 -12"><span class='ocrx_word' id='word_1_129' title='bbox 149 986 433 1034; x_wconf 90' lang='lat' dir='ltr'><strong>“Siciliamque</strong></span> <span class='ocrx_word' id='word_1_130' title='bbox 454 987 550 1023; x_wconf 91' lang='lat' dir='ltr'><strong>tueri</strong></span> <span class='ocrx_word' id='word_1_131' title='bbox 571 987 745 1024; x_wconf 85' lang='lat' dir='ltr'><strong>vellent.&#39;&#39;</strong></span> <span class='ocrx_word' id='word_1_132' title='bbox 1448 996 1478 1022; x_wconf 84' lang='lat'><strong>15</strong></span> 
     </span>
    </p>
   </div>
   <div class='ocr_carea' id='block_1_3' title="bbox 141 1090 1477 2502">
    <p class='ocr_par' dir='ltr' id='par_1_3' title="bbox 141 1090 1477 2501">
     <span class='ocr_line' id='line_1_17' title="bbox 201 1090 1434 1142; baseline 0.001 -15"><span class='ocrx_word' id='word_1_133' title='bbox 201 1090 328 1128; x_wconf 88' lang='lat' dir='ltr'><strong>LVII.</strong></span> <span class='ocrx_word' id='word_1_134' title='bbox 371 1090 509 1128; x_wconf 69' lang='lat' dir='ltr'><strong>Litoris</strong></span> <span class='ocrx_word' id='word_1_135' title='bbox 528 1092 694 1129; x_wconf 89' lang='lat' dir='ltr'><strong>consulis</strong></span> <span class='ocrx_word' id='word_1_136' title='bbox 713 1093 1022 1142; x_wconf 87' lang='lat' dir='ltr'><strong>propraetorisque</strong></span> <span class='ocrx_word' id='word_1_137' title='bbox 1051 1093 1172 1139; x_wconf 81' lang='lat' dir='ltr'><strong>lectis,</strong></span> <span class='ocrx_word' id='word_1_138' title='bbox 1204 1092 1257 1129; x_wconf 88' lang='lat' dir='ltr'><strong>M.</strong></span> <span class='ocrx_word' id='word_1_139' title='bbox 1279 1091 1434 1129; x_wconf 89' lang='lat' dir='ltr'><strong>Claudi-</strong></span> 
     </span>
     <span class='ocr_line' id='line_1_18' title="bbox 147 1143 1433 1193; baseline 0.002 -15"><span class='ocrx_word' id='word_1_140' title='bbox 147 1155 226 1188; x_wconf 91' lang='lat' dir='ltr'><strong>um,</strong></span> <span class='ocrx_word' id='word_1_141' title='bbox 246 1143 308 1190; x_wconf 88' lang='lat' dir='ltr'><strong>qui</strong></span> <span class='ocrx_word' id='word_1_142' title='bbox 330 1143 440 1179; x_wconf 88' lang='lat' dir='ltr'><strong>classi</strong></span> <span class='ocrx_word' id='word_1_143' title='bbox 462 1144 507 1179; x_wconf 93' lang='lat' dir='ltr'><strong>ad</strong></span> <span class='ocrx_word' id='word_1_144' title='bbox 528 1144 677 1181; x_wconf 87' lang='lat' dir='ltr'><strong>Ostiam</strong></span> <span class='ocrx_word' id='word_1_145' title='bbox 698 1146 810 1182; x_wconf 88' lang='lat' dir='ltr'><strong>stanti</strong></span> <span class='ocrx_word' id='word_1_146' title='bbox 831 1153 1023 1193; x_wconf 79' lang='lat' dir='ltr'><strong>praeesset,</strong></span> <span class='ocrx_word' id='word_1_147' title='bbox 1058 1145 1270 1182; x_wconf 84' lang='lat' dir='ltr'><strong>Canusium</strong></span> <span class='ocrx_word' id='word_1_148' title='bbox 1303 1145 1349 1180; x_wconf 89' lang='lat' dir='ltr'><strong>ad</strong></span> <span class='ocrx_word' id='word_1_149' title='bbox 1370 1157 1433 1181; x_wconf 82' lang='lat' dir='ltr'><strong>ex-</strong></span> 
     </span>
     <span class='ocr_line' id='line_1_19' title="bbox 147 1195 1432 1245; baseline 0.001 -14"><span class='ocrx_word' id='word_1_150' title='bbox 147 1195 307 1231; x_wconf 90' lang='lat' dir='ltr'><strong>ercitum</strong></span> <span class='ocrx_word' id='word_1_151' title='bbox 329 1195 568 1242; x_wconf 89' lang='lat' dir='ltr'><strong>mittendum,</strong></span> <span class='ocrx_word' id='word_1_152' title='bbox 589 1197 909 1245; x_wconf 88' lang='lat' dir='ltr'><strong>scribendumque</strong></span> <span class='ocrx_word' id='word_1_153' title='bbox 942 1197 1101 1243; x_wconf 90' lang='lat' dir='ltr'><strong>consuli,</strong></span> <span class='ocrx_word' id='word_1_154' title='bbox 1131 1204 1184 1240; x_wconf 89' lang='lat' dir='ltr'><strong>ut,</strong></span> <span class='ocrx_word' id='word_1_155' title='bbox 1205 1209 1319 1244; x_wconf 88' lang='lat' dir='ltr'><strong>quum</strong></span> <span class='ocrx_word' id='word_1_156' title='bbox 1340 1209 1432 1244; x_wconf 85' lang='lat' dir='ltr'><strong>prae-</strong></span> 
     </span>
     <span class='ocr_line' id='line_1_20' title="bbox 147 1247 1430 1298; baseline 0.002 -15"><span class='ocrx_word' id='word_1_157' title='bbox 147 1247 216 1283; x_wconf 90' lang='lat' dir='ltr'><strong>tori</strong></span> <span class='ocrx_word' id='word_1_158' title='bbox 237 1248 444 1284; x_wconf 87' lang='lat' dir='ltr'><strong>exercitum</strong></span> <span class='ocrx_word' id='word_1_159' title='bbox 466 1248 693 1295; x_wconf 84' lang='lat' dir='ltr'><strong>tradidisset,</strong></span> <span class='ocrx_word' id='word_1_160' title='bbox 713 1249 834 1298; x_wconf 93' lang='lat' dir='ltr'><strong>primo</strong></span> <span class='ocrx_word' id='word_1_161' title='bbox 861 1262 1009 1298; x_wconf 90' lang='lat' dir='ltr'><strong>quoque</strong></span> <span class='ocrx_word' id='word_1_162' title='bbox 1041 1256 1222 1298; x_wconf 89' lang='lat' dir='ltr'><strong>tempore,</strong></span> <span class='ocrx_word' id='word_1_163' title='bbox 1243 1249 1430 1297; x_wconf 39' lang='lat' dir='ltr'><strong>quantiam</strong></span> 
     </span>
     <span class='ocr_line' id='line_1_21' title="bbox 147 1300 1477 1350; baseline 0.002 -15"><span class='ocrx_word' id='word_1_164' title='bbox 147 1312 213 1347; x_wconf 91' lang='lat' dir='ltr'><strong>per</strong></span> <span class='ocrx_word' id='word_1_165' title='bbox 251 1300 493 1336; x_wconf 88' lang='lat' dir='ltr'><strong>commodum</strong></span> <span class='ocrx_word' id='word_1_166' title='bbox 534 1300 751 1349; x_wconf 83' lang='lat' dir='ltr'><strong>reipublicae</strong></span> <span class='ocrx_word' id='word_1_167' title='bbox 785 1301 865 1338; x_wconf 88' lang='lat' dir='ltr'><strong>fieri</strong></span> <span class='ocrx_word' id='word_1_168' title='bbox 894 1309 1032 1350; x_wconf 87' lang='lat' dir='ltr'><strong>posset,</strong></span> <span class='ocrx_word' id='word_1_169' title='bbox 1070 1302 1235 1338; x_wconf 89' lang='lat' dir='ltr'><strong>Romam</strong></span> <span class='ocrx_word' id='word_1_170' title='bbox 1272 1301 1429 1338; x_wconf 81' lang='lat' dir='ltr'><strong>veniret.</strong></span> <span class='ocrx_word' id='word_1_171' title='bbox 1443 1312 1477 1337; x_wconf 79' lang='lat'><strong>20</strong></span> 
     </span>
     <span class='ocr_line' id='line_1_22' title="bbox 147 1351 1430 1402; baseline 0.002 -14"><span class='ocrx_word' id='word_1_172' title='bbox 147 1351 290 1388; x_wconf 92' lang='lat' dir='ltr'><strong>Territi</strong></span> <span class='ocrx_word' id='word_1_173' title='bbox 309 1352 424 1388; x_wconf 90' lang='lat' dir='ltr'><strong>etiam</strong></span> <span class='ocrx_word' id='word_1_174' title='bbox 458 1365 568 1401; x_wconf 91' lang='lat' dir='ltr'><strong>super</strong></span> <span class='ocrx_word' id='word_1_175' title='bbox 598 1360 722 1390; x_wconf 86' lang='lat' dir='ltr'><strong>tantas</strong></span> <span class='ocrx_word' id='word_1_176' title='bbox 752 1354 894 1397; x_wconf 87' lang='lat' dir='ltr'><strong>clades,</strong></span> <span class='ocrx_word' id='word_1_177' title='bbox 924 1367 1040 1402; x_wconf 91' lang='lat' dir='ltr'><strong>quum</strong></span> <span class='ocrx_word' id='word_1_178' title='bbox 1061 1354 1208 1390; x_wconf 84' lang='lat' dir='ltr'><strong>caeteris</strong></span> <span class='ocrx_word' id='word_1_179' title='bbox 1236 1353 1430 1402; x_wconf 73' lang='lat' dir='ltr'><strong>prodigiis,</strong></span> 
     </span>
     <span class='ocr_line' id='line_1_23' title="bbox 146 1404 1430 1455; baseline 0.002 -15"><span class='ocrx_word' id='word_1_180' title='bbox 146 1411 226 1440; x_wconf 92' lang='lat' dir='ltr'><strong>tum</strong></span> <span class='ocrx_word' id='word_1_181' title='bbox 255 1404 356 1452; x_wconf 75' lang='lat' dir='ltr'><strong>quod</strong></span> <span class='ocrx_word' id='word_1_182' title='bbox 392 1405 477 1441; x_wconf 81' lang='lat' dir='ltr'><strong>duae</strong></span> <span class='ocrx_word' id='word_1_183' title='bbox 507 1405 680 1442; x_wconf 87' lang='lat' dir='ltr'><strong>Vestales</strong></span> <span class='ocrx_word' id='word_1_184' title='bbox 709 1419 754 1443; x_wconf 91' lang='lat' dir='ltr'><strong>eo</strong></span> <span class='ocrx_word' id='word_1_185' title='bbox 773 1419 886 1453; x_wconf 88' lang='lat' dir='ltr'><strong>anno,</strong></span> <span class='ocrx_word' id='word_1_186' title='bbox 916 1406 1071 1455; x_wconf 89' lang='lat' dir='ltr'><strong>Opimia</strong></span> <span class='ocrx_word' id='word_1_187' title='bbox 1099 1415 1209 1454; x_wconf 89' lang='lat' dir='ltr'><strong>atque</strong></span> <span class='ocrx_word' id='word_1_188' title='bbox 1239 1405 1430 1452; x_wconf 86' lang='lat' dir='ltr'><strong>Floronia,</strong></span> 
     </span>
     <span class='ocr_line' id='line_1_24' title="bbox 147 1457 1432 1507; baseline 0.002 -15"><span class='ocrx_word' id='word_1_189' title='bbox 147 1457 265 1504; x_wconf 86' lang='lat' dir='ltr'><strong>stupri</strong></span> <span class='ocrx_word' id='word_1_190' title='bbox 295 1464 511 1506; x_wconf 78' lang='lat' dir='ltr'><strong>compertae,</strong></span> <span class='ocrx_word' id='word_1_191' title='bbox 531 1465 569 1494; x_wconf 90' lang='lat' dir='ltr'><strong>et</strong></span> <span class='ocrx_word' id='word_1_192' title='bbox 588 1458 705 1495; x_wconf 88' lang='lat' dir='ltr'><strong>altera</strong></span> <span class='ocrx_word' id='word_1_193' title='bbox 723 1459 793 1495; x_wconf 88' lang='lat' dir='ltr'><strong>sub</strong></span> <span class='ocrx_word' id='word_1_194' title='bbox 813 1461 923 1506; x_wconf 72' lang='lat' dir='ltr'><strong>terra,</strong></span> <span class='ocrx_word' id='word_1_195' title='bbox 959 1466 998 1496; x_wconf 87' lang='lat' dir='ltr'><strong>ut</strong></span> <span class='ocrx_word' id='word_1_196' title='bbox 1031 1471 1111 1496; x_wconf 86' lang='lat' dir='ltr'><strong>mos</strong></span> <span class='ocrx_word' id='word_1_197' title='bbox 1130 1466 1199 1501; x_wconf 86' lang='lat' dir='ltr'><strong>est,</strong></span> <span class='ocrx_word' id='word_1_198' title='bbox 1221 1459 1267 1494; x_wconf 89' lang='lat' dir='ltr'><strong>ad</strong></span> <span class='ocrx_word' id='word_1_199' title='bbox 1287 1464 1432 1507; x_wconf 84' lang='lat' dir='ltr'><strong>portam</strong></span> 
     </span>
     <span class='ocr_line' id='line_1_25' title="bbox 147 1508 1433 1559; baseline 0.002 -15"><span class='ocrx_word' id='word_1_200' title='bbox 147 1508 337 1545; x_wconf 87' lang='lat' dir='ltr'><strong>Collinam</strong></span> <span class='ocrx_word' id='word_1_201' title='bbox 357 1517 493 1546; x_wconf 85' lang='lat' dir='ltr'><strong>necata</strong></span> <span class='ocrx_word' id='word_1_202' title='bbox 513 1510 646 1554; x_wconf 87' lang='lat' dir='ltr'><strong>fuerat,</strong></span> <span class='ocrx_word' id='word_1_203' title='bbox 668 1511 785 1548; x_wconf 89' lang='lat' dir='ltr'><strong>altera</strong></span> <span class='ocrx_word' id='word_1_204' title='bbox 804 1512 955 1548; x_wconf 87' lang='lat' dir='ltr'><strong>sibimet</strong></span> <span class='ocrx_word' id='word_1_205' title='bbox 988 1511 1069 1559; x_wconf 93' lang='lat' dir='ltr'><strong>ipsa</strong></span> <span class='ocrx_word' id='word_1_206' title='bbox 1098 1517 1255 1547; x_wconf 88' lang='lat' dir='ltr'><strong>mortem</strong></span> <span class='ocrx_word' id='word_1_207' title='bbox 1285 1510 1433 1546; x_wconf 88' lang='lat' dir='ltr'><strong>consci-</strong></span> 
     </span>
     <span class='ocr_line' id='line_1_26' title="bbox 146 1561 1477 1612; baseline 0.002 -16"><span class='ocrx_word' id='word_1_208' title='bbox 146 1568 259 1598; x_wconf 91' lang='lat' dir='ltr'><strong>verat.</strong></span> <span class='ocrx_word' id='word_1_209' title='bbox 317 1561 360 1598; x_wconf 90' lang='lat' dir='ltr'><strong>L.</strong></span> <span class='ocrx_word' id='word_1_210' title='bbox 391 1562 590 1608; x_wconf 89' lang='lat' dir='ltr'><strong>Cantilius,</strong></span> <span class='ocrx_word' id='word_1_211' title='bbox 620 1563 745 1599; x_wconf 90' lang='lat' dir='ltr'><strong>scriba</strong></span> <span class='ocrx_word' id='word_1_212' title='bbox 769 1563 958 1612; x_wconf 84' lang='lat' dir='ltr'><strong>pontificis</strong></span> <span class='ocrx_word' id='word_1_213' title='bbox 993 1563 1103 1612; x_wconf 86' lang='lat' dir='ltr'><strong>(quos</strong></span> <span class='ocrx_word' id='word_1_214' title='bbox 1132 1575 1237 1599; x_wconf 88' lang='lat' dir='ltr'><strong>nunc</strong></span> <span class='ocrx_word' id='word_1_215' title='bbox 1268 1562 1477 1599; x_wconf 84' lang='lat' dir='ltr'><strong>minores2⁵</strong></span> 
     </span>
     <span class='ocr_line' id='line_1_27' title="bbox 145 1613 1432 1664; baseline 0.001 -15"><span class='ocrx_word' id='word_1_216' title='bbox 145 1613 346 1662; x_wconf 78' lang='lat' dir='ltr'><strong>pontifices</strong></span> <span class='ocrx_word' id='word_1_217' title='bbox 366 1614 587 1664; x_wconf 91' lang='lat' dir='ltr'><strong>appellant),</strong></span> <span class='ocrx_word' id='word_1_218' title='bbox 617 1615 789 1663; x_wconf 90' lang='lat' dir='ltr'><strong>quicum</strong></span> <span class='ocrx_word' id='word_1_219' title='bbox 823 1615 1002 1652; x_wconf 73' lang='lat' dir='ltr'><strong>Floronia</strong></span> <span class='ocrx_word' id='word_1_220' title='bbox 1024 1623 1194 1664; x_wconf 88' lang='lat' dir='ltr'><strong>stuprum</strong></span> <span class='ocrx_word' id='word_1_221' title='bbox 1226 1614 1380 1661; x_wconf 85' lang='lat' dir='ltr'><strong>fecerat,</strong></span> <span class='ocrx_word' id='word_1_222' title='bbox 1410 1626 1432 1650; x_wconf 91' lang='lat' dir='ltr'><strong>a</strong></span> 
     </span>
     <span class='ocr_line' id='line_1_28' title="bbox 145 1666 1433 1717; baseline 0.001 -15"><span class='ocrx_word' id='word_1_223' title='bbox 145 1666 325 1714; x_wconf 85' lang='lat' dir='ltr'><strong>pontifice</strong></span> <span class='ocrx_word' id='word_1_224' title='bbox 345 1667 509 1703; x_wconf 83' lang='lat' dir='ltr'><strong>maximo</strong></span> <span class='ocrx_word' id='word_1_225' title='bbox 528 1667 574 1703; x_wconf 77' lang='lat' dir='ltr'><strong>eo</strong></span> <span class='ocrx_word' id='word_1_226' title='bbox 606 1680 722 1716; x_wconf 91' lang='lat' dir='ltr'><strong>usque</strong></span> <span class='ocrx_word' id='word_1_227' title='bbox 753 1669 866 1717; x_wconf 84' lang='lat' dir='ltr'><strong>virgis</strong></span> <span class='ocrx_word' id='word_1_228' title='bbox 887 1668 925 1704; x_wconf 87' lang='lat' dir='ltr'><strong>in</strong></span> <span class='ocrx_word' id='word_1_229' title='bbox 955 1668 1108 1704; x_wconf 88' lang='lat' dir='ltr'><strong>comitio</strong></span> <span class='ocrx_word' id='word_1_230' title='bbox 1137 1679 1259 1703; x_wconf 88' lang='lat' dir='ltr'><strong>caesus</strong></span> <span class='ocrx_word' id='word_1_231' title='bbox 1277 1674 1368 1712; x_wconf 84' lang='lat' dir='ltr'><strong>erat,</strong></span> <span class='ocrx_word' id='word_1_232' title='bbox 1392 1673 1433 1703; x_wconf 93' lang='lat' dir='ltr'><strong>ut</strong></span> 
     </span>
     <span class='ocr_line' id='line_1_29' title="bbox 146 1718 1431 1768; baseline 0.001 -14"><span class='ocrx_word' id='word_1_233' title='bbox 146 1718 244 1754; x_wconf 86' lang='lat' dir='ltr'><strong>inter</strong></span> <span class='ocrx_word' id='word_1_234' title='bbox 273 1719 429 1754; x_wconf 89' lang='lat' dir='ltr'><strong>verbera</strong></span> <span class='ocrx_word' id='word_1_235' title='bbox 444 1719 664 1767; x_wconf 78' lang='lat' dir='ltr'><strong>exspiraret.</strong></span> <span class='ocrx_word' id='word_1_236' title='bbox 722 1720 808 1757; x_wconf 90' lang='lat' dir='ltr'><strong>Hoc</strong></span> <span class='ocrx_word' id='word_1_237' title='bbox 829 1720 935 1757; x_wconf 89' lang='lat' dir='ltr'><strong>nefas</strong></span> <span class='ocrx_word' id='word_1_238' title='bbox 954 1733 1069 1768; x_wconf 92' lang='lat' dir='ltr'><strong>quum</strong></span> <span class='ocrx_word' id='word_1_239' title='bbox 1091 1720 1187 1756; x_wconf 86' lang='lat' dir='ltr'><strong>inter</strong></span> <span class='ocrx_word' id='word_1_240' title='bbox 1219 1726 1285 1762; x_wconf 86' lang='lat' dir='ltr'><strong>tot,</strong></span> <span class='ocrx_word' id='word_1_241' title='bbox 1317 1726 1357 1755; x_wconf 88' lang='lat' dir='ltr'><strong>ut</strong></span> <span class='ocrx_word' id='word_1_242' title='bbox 1377 1718 1431 1762; x_wconf 83' lang='lat' dir='ltr'><strong>fit,</strong></span> 
     </span>
     <span class='ocr_line' id='line_1_30' title="bbox 146 1770 1432 1819; baseline 0.001 -13"><span class='ocrx_word' id='word_1_243' title='bbox 146 1770 276 1807; x_wconf 86' lang='lat' dir='ltr'><strong>clades</strong></span> <span class='ocrx_word' id='word_1_244' title='bbox 305 1771 344 1807; x_wconf 92' lang='lat' dir='ltr'><strong>in</strong></span> <span class='ocrx_word' id='word_1_245' title='bbox 376 1771 591 1819; x_wconf 77' lang='lat' dir='ltr'><strong>prodigium</strong></span> <span class='ocrx_word' id='word_1_246' title='bbox 625 1784 774 1809; x_wconf 89' lang='lat' dir='ltr'><strong>versum</strong></span> <span class='ocrx_word' id='word_1_247' title='bbox 807 1780 919 1819; x_wconf 87' lang='lat' dir='ltr'><strong>esset,</strong></span> <span class='ocrx_word' id='word_1_248' title='bbox 950 1772 1155 1809; x_wconf 87' lang='lat' dir='ltr'><strong>decemviri</strong></span> <span class='ocrx_word' id='word_1_249' title='bbox 1185 1772 1299 1808; x_wconf 88' lang='lat' dir='ltr'><strong>libros</strong></span> <span class='ocrx_word' id='word_1_250' title='bbox 1328 1771 1432 1808; x_wconf 85' lang='lat' dir='ltr'><strong>adire</strong></span> 
     </span>
     <span class='ocr_line' id='line_1_31' title="bbox 141 1822 1476 1874; baseline -0.001 -15"><span class='ocrx_word' id='word_1_251' title='bbox 141 1822 238 1871; x_wconf 86' lang='lat' dir='ltr'><strong>jussi</strong></span> <span class='ocrx_word' id='word_1_252' title='bbox 257 1831 356 1860; x_wconf 87' lang='lat' dir='ltr'><strong>sunt.</strong></span> <span class='ocrx_word' id='word_1_253' title='bbox 414 1823 463 1860; x_wconf 88' lang='lat' dir='ltr'><strong>Et</strong></span> <span class='ocrx_word' id='word_1_254' title='bbox 480 1823 533 1863; x_wconf 79' lang='lat' dir='ltr'><strong>Q.</strong></span> <span class='ocrx_word' id='word_1_255' title='bbox 556 1824 698 1861; x_wconf 88' lang='lat' dir='ltr'><strong>Fabius</strong></span> <span class='ocrx_word' id='word_1_256' title='bbox 718 1825 844 1861; x_wconf 89' lang='lat' dir='ltr'><strong>Pictor</strong></span> <span class='ocrx_word' id='word_1_257' title='bbox 865 1825 1032 1874; x_wconf 90' lang='lat' dir='ltr'><strong>Delphos</strong></span> <span class='ocrx_word' id='word_1_258' title='bbox 1065 1825 1112 1861; x_wconf 84' lang='lat' dir='ltr'><strong>ad</strong></span> <span class='ocrx_word' id='word_1_259' title='bbox 1131 1824 1327 1861; x_wconf 92' lang='lat' dir='ltr'><strong>oraculum</strong></span> <span class='ocrx_word' id='word_1_260' title='bbox 1347 1823 1432 1860; x_wconf 87' lang='lat' dir='ltr'><strong>mis·</strong></span> <span class='ocrx_word' id='word_1_261' title='bbox 1443 1833 1476 1858; x_wconf 83' lang='grc' dir='ltr'><strong>3ο</strong></span> 
     </span>
     <span class='ocr_line' id='line_1_32' title="bbox 145 1875 1432 1926; baseline 0.001 -16"><span class='ocrx_word' id='word_1_262' title='bbox 145 1887 210 1911; x_wconf 87' lang='lat' dir='ltr'><strong>sus</strong></span> <span class='ocrx_word' id='word_1_263' title='bbox 229 1882 285 1911; x_wconf 83' lang='lat' dir='ltr'><strong>est</strong></span> <span class='ocrx_word' id='word_1_264' title='bbox 305 1875 551 1921; x_wconf 88' lang='lat' dir='ltr'><strong>sciscitatum,</strong></span> <span class='ocrx_word' id='word_1_265' title='bbox 573 1877 709 1924; x_wconf 90' lang='lat' dir='ltr'><strong>quibus</strong></span> <span class='ocrx_word' id='word_1_266' title='bbox 728 1878 905 1926; x_wconf 91' lang='lat' dir='ltr'><strong>precibus</strong></span> <span class='ocrx_word' id='word_1_267' title='bbox 938 1877 1207 1925; x_wconf 88' lang='lat' dir='ltr'><strong>suppliciisque</strong></span> <span class='ocrx_word' id='word_1_268' title='bbox 1228 1876 1330 1911; x_wconf 89' lang='lat' dir='ltr'><strong>Deos</strong></span> <span class='ocrx_word' id='word_1_269' title='bbox 1349 1888 1432 1923; x_wconf 84' lang='lat' dir='ltr'><strong>pos-</strong></span> 
     </span>
     <span class='ocr_line' id='line_1_33' title="bbox 146 1926 1429 1975; baseline 0.001 -13"><span class='ocrx_word' id='word_1_270' title='bbox 146 1933 230 1963; x_wconf 85' lang='lat' dir='ltr'><strong>sent</strong></span> <span class='ocrx_word' id='word_1_271' title='bbox 248 1926 412 1974; x_wconf 85' lang='lat' dir='ltr'><strong>placare,</strong></span> <span class='ocrx_word' id='word_1_272' title='bbox 443 1934 481 1963; x_wconf 90' lang='lat' dir='ltr'><strong>et</strong></span> <span class='ocrx_word' id='word_1_273' title='bbox 512 1940 686 1975; x_wconf 87' lang='lat' dir='ltr'><strong>quaenam</strong></span> <span class='ocrx_word' id='word_1_274' title='bbox 721 1929 844 1965; x_wconf 83' lang='lat' dir='ltr'><strong>futura</strong></span> <span class='ocrx_word' id='word_1_275' title='bbox 878 1929 962 1964; x_wconf 86' lang='lat' dir='ltr'><strong>finis</strong></span> <span class='ocrx_word' id='word_1_276' title='bbox 991 1929 1105 1964; x_wconf 89' lang='lat' dir='ltr'><strong>tantis</strong></span> <span class='ocrx_word' id='word_1_277' title='bbox 1131 1928 1304 1964; x_wconf 90' lang='lat' dir='ltr'><strong>cladibus</strong></span> <span class='ocrx_word' id='word_1_278' title='bbox 1325 1927 1429 1964; x_wconf 88' lang='lat' dir='ltr'><strong>foret.</strong></span> 
     </span>
     <span class='ocr_line' id='line_1_34' title="bbox 146 1978 1431 2028; baseline 0 -13"><span class='ocrx_word' id='word_1_279' title='bbox 146 1978 305 2015; x_wconf 87' lang='lat' dir='ltr'><strong>Interim</strong></span> <span class='ocrx_word' id='word_1_280' title='bbox 335 1992 383 2016; x_wconf 88' lang='lat' dir='ltr'><strong>ex</strong></span> <span class='ocrx_word' id='word_1_281' title='bbox 415 1979 590 2015; x_wconf 87' lang='lat' dir='ltr'><strong>fatalibus</strong></span> <span class='ocrx_word' id='word_1_282' title='bbox 623 1980 726 2016; x_wconf 91' lang='lat' dir='ltr'><strong>libris</strong></span> <span class='ocrx_word' id='word_1_283' title='bbox 746 1980 934 2017; x_wconf 85' lang='lat' dir='ltr'><strong>sacrificia</strong></span> <span class='ocrx_word' id='word_1_284' title='bbox 962 1980 1101 2028; x_wconf 89' lang='lat' dir='ltr'><strong>aliquot</strong></span> <span class='ocrx_word' id='word_1_285' title='bbox 1134 1979 1431 2016; x_wconf 84' lang='lat' dir='ltr'><strong>extraordinaria</strong></span> 
     </span>
     <span class='ocr_line' id='line_1_35' title="bbox 146 2030 1430 2079; baseline 0.001 -12"><span class='ocrx_word' id='word_1_286' title='bbox 146 2030 246 2067; x_wconf 88' lang='lat' dir='ltr'><strong>facta</strong></span> <span class='ocrx_word' id='word_1_287' title='bbox 263 2045 271 2075; x_wconf 83' lang='lat'><em>3</em></span> <span class='ocrx_word' id='word_1_288' title='bbox 309 2031 406 2068; x_wconf 86' lang='lat' dir='ltr'><strong>inter</strong></span> <span class='ocrx_word' id='word_1_289' title='bbox 424 2044 506 2079; x_wconf 85' lang='lat' dir='ltr'><strong>quae</strong></span> <span class='ocrx_word' id='word_1_290' title='bbox 527 2032 659 2068; x_wconf 92' lang='lat' dir='ltr'><strong>Gallus</strong></span> <span class='ocrx_word' id='word_1_291' title='bbox 678 2039 715 2069; x_wconf 89' lang='lat' dir='ltr'><strong>et</strong></span> <span class='ocrx_word' id='word_1_292' title='bbox 731 2032 852 2078; x_wconf 90' lang='lat' dir='ltr'><strong>Galla,</strong></span> <span class='ocrx_word' id='word_1_293' title='bbox 869 2033 1026 2069; x_wconf 87' lang='lat' dir='ltr'><strong>Graecus</strong></span> <span class='ocrx_word' id='word_1_294' title='bbox 1046 2039 1084 2068; x_wconf 83' lang='lat' dir='ltr'><strong>et</strong></span> <span class='ocrx_word' id='word_1_295' title='bbox 1106 2032 1254 2078; x_wconf 84' lang='lat' dir='ltr'><strong>Graeca,</strong></span> <span class='ocrx_word' id='word_1_296' title='bbox 1275 2031 1312 2067; x_wconf 93' lang='lat' dir='ltr'><strong>in</strong></span> <span class='ocrx_word' id='word_1_297' title='bbox 1332 2031 1430 2068; x_wconf 89' lang='lat' dir='ltr'><strong>Foro</strong></span> 
     </span>
     <span class='ocr_line' id='line_1_36' title="bbox 145 2082 1476 2132; baseline 0.001 -13"><span class='ocrx_word' id='word_1_298' title='bbox 145 2082 281 2120; x_wconf 90' lang='lat' dir='ltr'><strong>Boario</strong></span> <span class='ocrx_word' id='word_1_299' title='bbox 301 2084 371 2120; x_wconf 90' lang='lat' dir='ltr'><strong>sub</strong></span> <span class='ocrx_word' id='word_1_300' title='bbox 390 2085 486 2120; x_wconf 70' lang='lat' dir='ltr'><strong>terra</strong></span> <span class='ocrx_word' id='word_1_301' title='bbox 507 2083 577 2120; x_wconf 87' lang='lat' dir='ltr'><strong>vivi</strong></span> <span class='ocrx_word' id='word_1_302' title='bbox 598 2084 750 2120; x_wconf 88' lang='lat' dir='ltr'><strong>demissi</strong></span> <span class='ocrx_word' id='word_1_303' title='bbox 771 2092 858 2121; x_wconf 88' lang='lat' dir='ltr'><strong>sunt</strong></span> <span class='ocrx_word' id='word_1_304' title='bbox 878 2084 914 2120; x_wconf 89' lang='lat' dir='ltr'><strong>in</strong></span> <span class='ocrx_word' id='word_1_305' title='bbox 936 2085 1061 2121; x_wconf 90' lang='lat' dir='ltr'><strong>locum</strong></span> <span class='ocrx_word' id='word_1_306' title='bbox 1082 2097 1174 2121; x_wconf 89' lang='lat' dir='ltr'><strong>saxo</strong></span> <span class='ocrx_word' id='word_1_307' title='bbox 1190 2091 1428 2132; x_wconf 86' lang='lat' dir='ltr'><strong>conseptum,</strong></span> <span class='ocrx_word' id='word_1_308' title='bbox 1443 2095 1476 2120; x_wconf 83' lang='lat'><strong>35</strong></span> 
     </span>
     <span class='ocr_line' id='line_1_37' title="bbox 143 2134 1428 2183; baseline 0.002 -13"><span class='ocrx_word' id='word_1_309' title='bbox 143 2134 220 2183; x_wconf 87' lang='lat' dir='ltr'><strong>jam</strong></span> <span class='ocrx_word' id='word_1_310' title='bbox 242 2135 327 2172; x_wconf 74' lang='lat' dir='ltr'><strong>ante</strong></span> <span class='ocrx_word' id='word_1_311' title='bbox 349 2136 480 2173; x_wconf 86' lang='lat' dir='ltr'><strong>hostiis</strong></span> <span class='ocrx_word' id='word_1_312' title='bbox 499 2136 686 2183; x_wconf 85' lang='lat' dir='ltr'><strong>humanis,</strong></span> <span class='ocrx_word' id='word_1_313' title='bbox 717 2137 870 2173; x_wconf 69' lang='lat' dir='ltr'><strong>minime</strong></span> <span class='ocrx_word' id='word_1_314' title='bbox 891 2137 1068 2173; x_wconf 89' lang='lat' dir='ltr'><strong>Romano</strong></span> <span class='ocrx_word' id='word_1_315' title='bbox 1087 2149 1207 2183; x_wconf 88' lang='lat' dir='ltr'><strong>sacro,</strong></span> <span class='ocrx_word' id='word_1_316' title='bbox 1230 2136 1428 2173; x_wconf 85' lang='lat' dir='ltr'><strong>imbutum.</strong></span> 
     </span>
     <span class='ocr_line' id='line_1_38' title="bbox 146 2187 1429 2236; baseline 0.001 -13"><span class='ocrx_word' id='word_1_317' title='bbox 146 2187 310 2224; x_wconf 80' lang='lat' dir='ltr'><strong>Placatis</strong></span> <span class='ocrx_word' id='word_1_318' title='bbox 329 2188 434 2235; x_wconf 86' lang='lat' dir='ltr'><strong>satis,</strong></span> <span class='ocrx_word' id='word_1_319' title='bbox 455 2196 495 2225; x_wconf 91' lang='lat' dir='ltr'><strong>ut</strong></span> <span class='ocrx_word' id='word_1_320' title='bbox 513 2189 704 2235; x_wconf 88' lang='lat' dir='ltr'><strong>rebantur,</strong></span> <span class='ocrx_word' id='word_1_321' title='bbox 725 2189 830 2236; x_wconf 91' lang='lat' dir='ltr'><strong>Deis,</strong></span> <span class='ocrx_word' id='word_1_322' title='bbox 861 2188 915 2225; x_wconf 88' lang='lat' dir='ltr'><strong>M.</strong></span> <span class='ocrx_word' id='word_1_323' title='bbox 937 2189 1120 2226; x_wconf 91' lang='lat' dir='ltr'><strong>Claudius</strong></span> <span class='ocrx_word' id='word_1_324' title='bbox 1150 2189 1357 2226; x_wconf 88' lang='lat' dir='ltr'><strong>Marcellus</strong></span> <span class='ocrx_word' id='word_1_325' title='bbox 1383 2189 1429 2225; x_wconf 82' lang='lat' dir='ltr'><strong>ab</strong></span> 
     </span>
     <span class='ocr_line' id='line_1_39' title="bbox 146 2238 1430 2290; baseline 0.003 -16"><span class='ocrx_word' id='word_1_326' title='bbox 146 2238 255 2275; x_wconf 73' lang='lat' dir='ltr'><strong>Ostia</strong></span> <span class='ocrx_word' id='word_1_327' title='bbox 279 2240 378 2276; x_wconf 90' lang='lat' dir='ltr'><strong>mille</strong></span> <span class='ocrx_word' id='word_1_328' title='bbox 399 2248 437 2277; x_wconf 87' lang='lat' dir='ltr'><strong>et</strong></span> <span class='ocrx_word' id='word_1_329' title='bbox 454 2241 682 2289; x_wconf 84' lang='lat' dir='ltr'><strong>quingentos</strong></span> <span class='ocrx_word' id='word_1_330' title='bbox 702 2242 851 2284; x_wconf 82' lang='lat' dir='ltr'><strong>milites,</strong></span> <span class='ocrx_word' id='word_1_331' title='bbox 882 2254 975 2290; x_wconf 92' lang='lat' dir='ltr'><strong>quos</strong></span> <span class='ocrx_word' id='word_1_332' title='bbox 1008 2242 1046 2278; x_wconf 92' lang='lat' dir='ltr'><strong>in</strong></span> <span class='ocrx_word' id='word_1_333' title='bbox 1080 2242 1241 2278; x_wconf 91' lang='lat' dir='ltr'><strong>classem</strong></span> <span class='ocrx_word' id='word_1_334' title='bbox 1271 2241 1430 2289; x_wconf 88' lang='lat' dir='ltr'><strong>scriptos</strong></span> 
     </span>
     <span class='ocr_line' id='line_1_40' title="bbox 146 2290 1428 2342; baseline 0.002 -16"><span class='ocrx_word' id='word_1_335' title='bbox 146 2290 321 2337; x_wconf 88' lang='lat' dir='ltr'><strong>habebat,</strong></span> <span class='ocrx_word' id='word_1_336' title='bbox 343 2292 522 2338; x_wconf 82' lang='lat' dir='ltr'><strong>Romam,</strong></span> <span class='ocrx_word' id='word_1_337' title='bbox 543 2300 584 2330; x_wconf 88' lang='lat' dir='ltr'><strong>ut</strong></span> <span class='ocrx_word' id='word_1_338' title='bbox 602 2293 684 2330; x_wconf 91' lang='lat' dir='ltr'><strong>urbi</strong></span> <span class='ocrx_word' id='word_1_339' title='bbox 703 2294 877 2342; x_wconf 85' lang='lat' dir='ltr'><strong>praesidio</strong></span> <span class='ocrx_word' id='word_1_340' title='bbox 893 2302 1031 2338; x_wconf 87' lang='lat' dir='ltr'><strong>essent.</strong></span> <span class='ocrx_word' id='word_1_341' title='bbox 1053 2294 1186 2339; x_wconf 86' lang='lat' dir='ltr'><strong>mittit;</strong></span> <span class='ocrx_word' id='word_1_342' title='bbox 1226 2294 1316 2342; x_wconf 89' lang='lat' dir='ltr'><strong>ipse,</strong></span> <span class='ocrx_word' id='word_1_343' title='bbox 1337 2293 1428 2342; x_wconf 84' lang='lat' dir='ltr'><strong>legi-</strong></span> 
     </span>
     <span class='ocr_line' id='line_1_41' title="bbox 146 2331 1473 2410; baseline 0.001 -31"><span class='ocrx_word' id='word_1_344' title='bbox 146 2355 219 2380; x_wconf 90' lang='lat' dir='ltr'><strong>one</strong></span> <span class='ocrx_word' id='word_1_345' title='bbox 239 2343 370 2380; x_wconf 91' lang='lat' dir='ltr'><strong>classis</strong></span> <span class='ocrx_word' id='word_1_346' title='bbox 404 2344 468 2394; x_wconf 87' lang='lat' dir='ltr'><strong>(ea</strong></span> <span class='ocrx_word' id='word_1_347' title='bbox 486 2346 595 2382; x_wconf 87' lang='lat' dir='ltr'><strong>tertia</strong></span> <span class='ocrx_word' id='word_1_348' title='bbox 615 2345 716 2410; x_wconf 83' lang='lat' dir='ltr'><strong>legio</strong></span> <span class='ocrx_word' id='word_1_349' title='bbox 733 2348 829 2396; x_wconf 90' lang='lat' dir='ltr'><strong>erat)</strong></span> <span class='ocrx_word' id='word_1_350' title='bbox 861 2359 947 2383; x_wconf 90' lang='lat' dir='ltr'><strong>cum</strong></span> <span class='ocrx_word' id='word_1_351' title='bbox 979 2331 1140 2384; x_wconf 88' lang='lat' dir='ltr'><strong>tribunis</strong></span> <span class='ocrx_word' id='word_1_352' title='bbox 1170 2346 1332 2382; x_wconf 91' lang='lat' dir='ltr'><strong>militum</strong></span> <span class='ocrx_word' id='word_1_353' title='bbox 1352 2345 1430 2381; x_wconf 92' lang='lat' dir='ltr'><strong>Te·</strong></span> <span class='ocrx_word' id='word_1_354' title='bbox 1442 2355 1473 2380; x_wconf 83' lang='lat'><strong>40</strong></span> 
     </span>
     <span class='ocr_line' id='line_1_42' title="bbox 147 2397 1430 2446; baseline 0.001 -14"><span class='ocrx_word' id='word_1_355' title='bbox 147 2407 263 2432; x_wconf 85' lang='lat' dir='ltr'><strong>anum</strong></span> <span class='ocrx_word' id='word_1_356' title='bbox 284 2397 497 2434; x_wconf 88' lang='lat' dir='ltr'><strong>Sidicinum</strong></span> <span class='ocrx_word' id='word_1_357' title='bbox 531 2398 734 2446; x_wconf 65' lang='lat' dir='ltr'><strong>praemissa,</strong></span> <span class='ocrx_word' id='word_1_358' title='bbox 771 2399 891 2435; x_wconf 90' lang='lat' dir='ltr'><strong>classe</strong></span> <span class='ocrx_word' id='word_1_359' title='bbox 927 2399 1063 2436; x_wconf 88' lang='lat' dir='ltr'><strong>tradita</strong></span> <span class='ocrx_word' id='word_1_360' title='bbox 1097 2399 1136 2435; x_wconf 92' lang='lat' dir='ltr'><strong>P.</strong></span> <span class='ocrx_word' id='word_1_361' title='bbox 1172 2398 1289 2435; x_wconf 89' lang='lat' dir='ltr'><strong>Furio</strong></span> <span class='ocrx_word' id='word_1_362' title='bbox 1322 2397 1430 2434; x_wconf 93' lang='lat' dir='ltr'><strong>Philo</strong></span> 
     </span>
     <span class='ocr_line' id='line_1_43' title="bbox 147 2448 1429 2502; baseline 0.001 -17"><span class='ocrx_word' id='word_1_363' title='bbox 147 2448 317 2498; x_wconf 84' lang='lat' dir='ltr'><strong>collegae,</strong></span> <span class='ocrx_word' id='word_1_364' title='bbox 336 2462 477 2499; x_wconf 90' lang='lat' dir='ltr'><strong>paucos</strong></span> <span class='ocrx_word' id='word_1_365' title='bbox 497 2461 577 2501; x_wconf 83' lang='lat' dir='ltr'><strong>post</strong></span> <span class='ocrx_word' id='word_1_366' title='bbox 596 2450 677 2487; x_wconf 90' lang='lat' dir='ltr'><strong>dies</strong></span> <span class='ocrx_word' id='word_1_367' title='bbox 703 2451 913 2488; x_wconf 91' lang='lat' dir='ltr'><strong>Canusium</strong></span> <span class='ocrx_word' id='word_1_368' title='bbox 947 2452 1095 2502; x_wconf 83' lang='lat' dir='ltr'><strong>magnis</strong></span> <span class='ocrx_word' id='word_1_369' title='bbox 1126 2451 1322 2488; x_wconf 86' lang='lat' dir='ltr'><strong>itineribus</strong></span> <span class='ocrx_word' id='word_1_370' title='bbox 1341 2461 1429 2486; x_wconf 91' lang='lat' dir='ltr'><strong>con-</strong></span> 
     </span>
    </p>
   </div>
  </div>
 </body>
</html>
