<?xml version="1.0" encoding="UTF-8"?>
<!DOCTYPE html PUBLIC "-//W3C//DTD XHTML 1.0 Transitional//EN"
    "http://www.w3.org/TR/xhtml1/DTD/xhtml1-transitional.dtd">
<html xmlns="http://www.w3.org/1999/xhtml" xml:lang="en" lang="en">
 <head>
  <title>
</title>
<meta http-equiv="Content-Type" content="text/html;charset=utf-8" />
  <meta name='ocr-system' content='tesseract 3.04.00' />
  <meta name='ocr-capabilities' content='ocr_page ocr_carea ocr_par ocr_line ocrx_word'/>
</head>
<body>
  <div class='ocr_page' id='page_1' title='image "./historiarumliber00livyuoft_0245.png"; bbox 0 0 1617 2765; ppageno 0'>
   <div class='ocr_carea' id='block_1_1' title="bbox 502 170 1449 211">
    <p class='ocr_par' dir='ltr' id='par_1_1' title="bbox 502 170 1449 211">
     <span class='ocr_line' id='line_1_1' title="bbox 502 170 1449 211; baseline 0.001 -10"><span class='ocrx_word' id='word_1_1' title='bbox 502 170 641 201; x_wconf 90' lang='lat' dir='ltr'><strong>LIBER</strong></span> <span class='ocrx_word' id='word_1_2' title='bbox 663 170 806 200; x_wconf 73' lang='lat' dir='ltr'>XXVJI.</span> <span class='ocrx_word' id='word_1_3' title='bbox 853 180 928 201; x_wconf 51' lang='lat' dir='ltr'>cite.</span> <span class='ocrx_word' id='word_1_4' title='bbox 949 182 1074 203; x_wconf 60' lang='lat' dir='ltr'>xnvixr.</span> <span class='ocrx_word' id='word_1_5' title='bbox 1370 173 1449 211; x_wconf 74' lang='lat'>227</span> 
     </span>
    </p>
   </div>
   <div class='ocr_carea' id='block_1_2' title="bbox 111 265 1462 2364">
    <p class='ocr_par' dir='ltr' id='par_1_2' title="bbox 160 265 1450 474">
     <span class='ocr_line' id='line_1_2' title="bbox 213 265 1450 307; baseline 0.002 -2"><span class='ocrx_word' id='word_1_6' title='bbox 213 265 381 305; x_wconf 90' lang='lat' dir='ltr'><strong>XLVII.</strong></span> <span class='ocrx_word' id='word_1_7' title='bbox 427 265 513 302; x_wconf 87' lang='lat' dir='ltr'>Jam</span> <span class='ocrx_word' id='word_1_8' title='bbox 547 265 672 301; x_wconf 89' lang='lat' dir='ltr'>hostes</span> <span class='ocrx_word' id='word_1_9' title='bbox 692 271 779 300; x_wconf 90' lang='lat' dir='ltr'>ante</span> <span class='ocrx_word' id='word_1_10' title='bbox 805 272 928 301; x_wconf 84' lang='lat' dir='ltr'>castra</span> <span class='ocrx_word' id='word_1_11' title='bbox 957 265 1130 302; x_wconf 82' lang='lat' dir='ltr'>instructi</span> <span class='ocrx_word' id='word_1_12' title='bbox 1151 267 1311 305; x_wconf 87' lang='lat' dir='ltr'>stabant.</span> <span class='ocrx_word' id='word_1_13' title='bbox 1367 269 1450 307; x_wconf 90' lang='lat' dir='ltr'>Mo-</span> 
     </span>
     <span class='ocr_line' id='line_1_3' title="bbox 160 316 1450 371; baseline 0.002 -15"><span class='ocrx_word' id='word_1_14' title='bbox 160 332 240 356; x_wconf 90' lang='lat' dir='ltr'>ram</span> <span class='ocrx_word' id='word_1_15' title='bbox 260 331 397 368; x_wconf 86' lang='lat' dir='ltr'>pugnae</span> <span class='ocrx_word' id='word_1_16' title='bbox 427 316 562 363; x_wconf 82' lang='lat' dir='ltr'>attulit,</span> <span class='ocrx_word' id='word_1_17' title='bbox 595 316 695 364; x_wconf 77' lang='lat' dir='ltr'>quod</span> <span class='ocrx_word' id='word_1_18' title='bbox 731 317 962 361; x_wconf 78' lang='lat' dir='ltr'>Hasdrubal,</span> <span class='ocrx_word' id='word_1_19' title='bbox 996 325 1196 366; x_wconf 87' lang='lat' dir='ltr'>provectus</span> <span class='ocrx_word' id='word_1_20' title='bbox 1225 327 1312 356; x_wconf 89' lang='lat' dir='ltr'>ante</span> <span class='ocrx_word' id='word_1_21' title='bbox 1341 322 1450 371; x_wconf 89' lang='lat' dir='ltr'>signa</span> 
     </span>
     <span class='ocr_line' id='line_1_4' title="bbox 160 369 1448 422; baseline 0.002 -14"><span class='ocrx_word' id='word_1_22' title='bbox 160 385 246 408; x_wconf 88' lang='lat' dir='ltr'>cum</span> <span class='ocrx_word' id='word_1_23' title='bbox 277 370 409 420; x_wconf 83' lang='lat' dir='ltr'>paucis</span> <span class='ocrx_word' id='word_1_24' title='bbox 437 369 642 417; x_wconf 86' lang='lat' dir='ltr'>equitibus,</span> <span class='ocrx_word' id='word_1_25' title='bbox 672 376 780 406; x_wconf 89' lang='lat' dir='ltr'>scuta</span> <span class='ocrx_word' id='word_1_26' title='bbox 809 377 934 406; x_wconf 86' lang='lat' dir='ltr'>vetera</span> <span class='ocrx_word' id='word_1_27' title='bbox 977 371 1139 406; x_wconf 87' lang='lat' dir='ltr'>hostium</span> <span class='ocrx_word' id='word_1_28' title='bbox 1182 372 1336 418; x_wconf 87' lang='lat' dir='ltr'>notavit,</span> <span class='ocrx_word' id='word_1_29' title='bbox 1366 387 1448 422; x_wconf 82' lang='lat' dir='ltr'>quae</span> 
     </span>
     <span class='ocr_line' id='line_1_5' title="bbox 160 422 1449 474; baseline 0.002 -14"><span class='ocrx_word' id='word_1_30' title='bbox 160 423 248 460; x_wconf 74' lang='lat' dir='ltr'>ante</span> <span class='ocrx_word' id='word_1_31' title='bbox 269 436 344 460; x_wconf 90' lang='lat' dir='ltr'>non</span> <span class='ocrx_word' id='word_1_32' title='bbox 365 422 521 465; x_wconf 90' lang='lat' dir='ltr'>viderat,</span> <span class='ocrx_word' id='word_1_33' title='bbox 553 428 591 458; x_wconf 88' lang='lat' dir='ltr'>et</span> <span class='ocrx_word' id='word_1_34' title='bbox 623 422 858 471; x_wconf 80' lang='lat' dir='ltr'>strigosiores</span> <span class='ocrx_word' id='word_1_35' title='bbox 887 435 1027 470; x_wconf 87' lang='lat' dir='ltr'>equos:</span> <span class='ocrx_word' id='word_1_36' title='bbox 1075 422 1276 461; x_wconf 85' lang='lat' dir='ltr'>multitudo</span> <span class='ocrx_word' id='word_1_37' title='bbox 1303 438 1449 474; x_wconf 87' lang='lat' dir='ltr'>quoque</span> 
     </span>
    </p>

    <p class='ocr_par' dir='ltr' id='par_1_3' title="bbox 128 474 1451 736">
     <span class='ocr_line' id='line_1_6' title="bbox 128 474 1451 526; baseline 0.001 -13"><span class='ocrx_word' id='word_1_38' title='bbox 128 489 146 514; x_wconf 86' lang='lat'><strong>5</strong></span> <span class='ocrx_word' id='word_1_39' title='bbox 160 475 274 524; x_wconf 85' lang='lat' dir='ltr'>major</span> <span class='ocrx_word' id='word_1_40' title='bbox 293 475 402 512; x_wconf 71' lang='lat' dir='ltr'>solita</span> <span class='ocrx_word' id='word_1_41' title='bbox 422 474 500 511; x_wconf 88' lang='lat' dir='ltr'>visa</span> <span class='ocrx_word' id='word_1_42' title='bbox 519 481 586 511; x_wconf 90' lang='lat' dir='ltr'>est.</span> <span class='ocrx_word' id='word_1_43' title='bbox 644 475 866 523; x_wconf 79' lang='lat' dir='ltr'>Suspicatus</span> <span class='ocrx_word' id='word_1_44' title='bbox 886 475 987 511; x_wconf 89' lang='lat' dir='ltr'>enim</span> <span class='ocrx_word' id='word_1_45' title='bbox 1008 475 1058 521; x_wconf 89' lang='lat' dir='ltr'>id,</span> <span class='ocrx_word' id='word_1_46' title='bbox 1079 476 1178 523; x_wconf 90' lang='lat' dir='ltr'>quod</span> <span class='ocrx_word' id='word_1_47' title='bbox 1205 484 1298 523; x_wconf 90' lang='lat' dir='ltr'>erat,</span> <span class='ocrx_word' id='word_1_48' title='bbox 1318 490 1451 526; x_wconf 91' lang='lat' dir='ltr'>recep-</span> 
     </span>
     <span class='ocr_line' id='line_1_7' title="bbox 158 526 1448 577; baseline 0.002 -12"><span class='ocrx_word' id='word_1_49' title='bbox 158 529 211 565; x_wconf 90' lang='lat' dir='ltr'>tui</span> <span class='ocrx_word' id='word_1_50' title='bbox 237 529 396 577; x_wconf 65' lang='lat' dir='ltr'>propere</span> <span class='ocrx_word' id='word_1_51' title='bbox 431 527 586 573; x_wconf 84' lang='lat' dir='ltr'>cecinit,</span> <span class='ocrx_word' id='word_1_52' title='bbox 619 539 664 563; x_wconf 86' lang='lat' dir='ltr'>ao</span> <span class='ocrx_word' id='word_1_53' title='bbox 683 527 785 563; x_wconf 88' lang='lat' dir='ltr'>misit</span> <span class='ocrx_word' id='word_1_54' title='bbox 804 527 851 563; x_wconf 89' lang='lat' dir='ltr'>ad</span> <span class='ocrx_word' id='word_1_55' title='bbox 881 526 1034 573; x_wconf 88' lang='lat' dir='ltr'>flumen,</span> <span class='ocrx_word' id='word_1_56' title='bbox 1066 528 1167 564; x_wconf 90' lang='lat' dir='ltr'>unde</span> <span class='ocrx_word' id='word_1_57' title='bbox 1197 530 1448 577; x_wconf 85' lang='lat' dir='ltr'>aquabantur:</span> 
     </span>
     <span class='ocr_line' id='line_1_8' title="bbox 158 579 1450 630; baseline 0.002 -13"><span class='ocrx_word' id='word_1_58' title='bbox 158 581 223 617; x_wconf 91' lang='lat' dir='ltr'>ubi</span> <span class='ocrx_word' id='word_1_59' title='bbox 261 588 299 617; x_wconf 88' lang='lat' dir='ltr'>et</span> <span class='ocrx_word' id='word_1_60' title='bbox 331 580 455 628; x_wconf 85' lang='lat' dir='ltr'>excipi</span> <span class='ocrx_word' id='word_1_61' title='bbox 488 579 603 627; x_wconf 89' lang='lat' dir='ltr'>aliqui</span> <span class='ocrx_word' id='word_1_62' title='bbox 632 586 798 628; x_wconf 85' lang='lat' dir='ltr'>possent,</span> <span class='ocrx_word' id='word_1_63' title='bbox 827 587 865 616; x_wconf 91' lang='lat' dir='ltr'>et</span> <span class='ocrx_word' id='word_1_64' title='bbox 893 580 1013 616; x_wconf 86' lang='lat' dir='ltr'>notari</span> <span class='ocrx_word' id='word_1_65' title='bbox 1042 580 1174 626; x_wconf 89' lang='lat' dir='ltr'>oculis,</span> <span class='ocrx_word' id='word_1_66' title='bbox 1204 582 1235 618; x_wconf 93' lang='lat' dir='ltr'>si</span> <span class='ocrx_word' id='word_1_67' title='bbox 1263 583 1326 630; x_wconf 91' lang='lat' dir='ltr'>qui</span> <span class='ocrx_word' id='word_1_68' title='bbox 1357 583 1450 620; x_wconf 87' lang='lat' dir='ltr'>forte</span> 
     </span>
     <span class='ocr_line' id='line_1_9' title="bbox 159 632 1451 678; baseline 0.002 -9"><span class='ocrx_word' id='word_1_69' title='bbox 159 633 360 669; x_wconf 86' lang='lat' dir='ltr'>adustioris</span> <span class='ocrx_word' id='word_1_70' title='bbox 389 632 537 675; x_wconf 87' lang='lat' dir='ltr'>coloris,</span> <span class='ocrx_word' id='word_1_71' title='bbox 559 639 599 668; x_wconf 94' lang='lat' dir='ltr'>ut</span> <span class='ocrx_word' id='word_1_72' title='bbox 619 644 666 668; x_wconf 78' lang='lat' dir='ltr'>ex</span> <span class='ocrx_word' id='word_1_73' title='bbox 686 632 830 668; x_wconf 85' lang='lat' dir='ltr'>recenti</span> <span class='ocrx_word' id='word_1_74' title='bbox 855 633 927 675; x_wconf 76' lang='lat' dir='ltr'>via,</span> <span class='ocrx_word' id='word_1_75' title='bbox 949 641 1101 678; x_wconf 83' lang='lat' dir='ltr'>essent3</span> <span class='ocrx_word' id='word_1_76' title='bbox 1144 634 1255 670; x_wconf 90' lang='lat' dir='ltr'>simul</span> <span class='ocrx_word' id='word_1_77' title='bbox 1287 635 1451 672; x_wconf 86' lang='lat' dir='ltr'>circum-</span> 
     </span>
     <span class='ocr_line' id='line_1_10' title="bbox 159 684 1450 736; baseline 0.004 -16"><span class='ocrx_word' id='word_1_78' title='bbox 159 686 245 722; x_wconf 87' lang='lat' dir='ltr'>vehi</span> <span class='ocrx_word' id='word_1_79' title='bbox 266 685 395 734; x_wconf 88' lang='lat' dir='ltr'>procul</span> <span class='ocrx_word' id='word_1_80' title='bbox 429 691 553 721; x_wconf 90' lang='lat' dir='ltr'>castra</span> <span class='ocrx_word' id='word_1_81' title='bbox 577 684 686 734; x_wconf 89' lang='lat' dir='ltr'>jubet</span> <span class='ocrx_word' id='word_1_82' title='bbox 714 685 986 733; x_wconf 82' lang='lat' dir='ltr'>specularique,</span> <span class='ocrx_word' id='word_1_83' title='bbox 1018 698 1110 722; x_wconf 92' lang='lat' dir='ltr'>num</span> <span class='ocrx_word' id='word_1_84' title='bbox 1140 694 1295 724; x_wconf 91' lang='lat' dir='ltr'>auctum</span> <span class='ocrx_word' id='word_1_85' title='bbox 1325 688 1450 736; x_wconf 74' lang='lat' dir='ltr'>aliqua</span> 
     </span>
    </p>

    <p class='ocr_par' dir='ltr' id='par_1_4' title="bbox 114 737 1452 996">
     <span class='ocr_line' id='line_1_11' title="bbox 114 737 1451 789; baseline 0.003 -15"><span class='ocrx_word' id='word_1_86' title='bbox 114 753 144 778; x_wconf 92' lang='lat'>10</span> <span class='ocrx_word' id='word_1_87' title='bbox 158 747 262 786; x_wconf 88' lang='lat' dir='ltr'>parte</span> <span class='ocrx_word' id='word_1_88' title='bbox 281 737 330 774; x_wconf 85' lang='lat' dir='ltr'>sit</span> <span class='ocrx_word' id='word_1_89' title='bbox 348 738 510 774; x_wconf 90' lang='lat' dir='ltr'>vallum:</span> <span class='ocrx_word' id='word_1_90' title='bbox 553 744 590 773; x_wconf 89' lang='lat' dir='ltr'>et</span> <span class='ocrx_word' id='word_1_91' title='bbox 611 744 650 773; x_wconf 83' lang='lat' dir='ltr'>ut</span> <span class='ocrx_word' id='word_1_92' title='bbox 670 737 879 783; x_wconf 84' lang='lat' dir='ltr'>attendant,</span> <span class='ocrx_word' id='word_1_93' title='bbox 901 738 1016 775; x_wconf 88' lang='lat' dir='ltr'>semel</span> <span class='ocrx_word' id='word_1_94' title='bbox 1039 738 1145 775; x_wconf 90' lang='lat' dir='ltr'>bisne</span> <span class='ocrx_word' id='word_1_95' title='bbox 1166 739 1316 789; x_wconf 86' lang='lat' dir='ltr'>signum</span> <span class='ocrx_word' id='word_1_96' title='bbox 1338 749 1451 778; x_wconf 83' lang='lat' dir='ltr'>canat</span> 
     </span>
     <span class='ocr_line' id='line_1_12' title="bbox 157 789 1450 838; baseline 0.003 -12"><span class='ocrx_word' id='word_1_97' title='bbox 157 790 196 826; x_wconf 89' lang='lat' dir='ltr'>in</span> <span class='ocrx_word' id='word_1_98' title='bbox 217 790 362 827; x_wconf 85' lang='lat' dir='ltr'>castris.</span> <span class='ocrx_word' id='word_1_99' title='bbox 405 790 463 826; x_wconf 88' lang='lat' dir='ltr'>Ea</span> <span class='ocrx_word' id='word_1_100' title='bbox 482 802 596 838; x_wconf 89' lang='lat' dir='ltr'>quum</span> <span class='ocrx_word' id='word_1_101' title='bbox 617 789 750 826; x_wconf 85' lang='lat' dir='ltr'>ordine</span> <span class='ocrx_word' id='word_1_102' title='bbox 769 790 898 826; x_wconf 86' lang='lat' dir='ltr'>omnia</span> <span class='ocrx_word' id='word_1_103' title='bbox 917 791 1034 827; x_wconf 89' lang='lat' dir='ltr'>relata</span> <span class='ocrx_word' id='word_1_104' title='bbox 1053 799 1192 835; x_wconf 87' lang='lat' dir='ltr'>essent,</span> <span class='ocrx_word' id='word_1_105' title='bbox 1213 800 1337 829; x_wconf 87' lang='lat' dir='ltr'>castra</span> <span class='ocrx_word' id='word_1_106' title='bbox 1357 794 1450 830; x_wconf 86' lang='lat' dir='ltr'>nihil</span> 
     </span>
     <span class='ocr_line' id='line_1_13' title="bbox 158 842 1450 888; baseline 0.003 -9"><span class='ocrx_word' id='word_1_107' title='bbox 158 850 271 879; x_wconf 88' lang='lat' dir='ltr'>aucta</span> <span class='ocrx_word' id='word_1_108' title='bbox 292 855 456 879; x_wconf 90' lang='lat' dir='ltr'>errorem</span> <span class='ocrx_word' id='word_1_109' title='bbox 477 842 679 879; x_wconf 86' lang='lat' dir='ltr'>faciebant.</span> <span class='ocrx_word' id='word_1_110' title='bbox 737 842 834 879; x_wconf 87' lang='lat' dir='ltr'>Bina</span> <span class='ocrx_word' id='word_1_111' title='bbox 853 851 972 888; x_wconf 86' lang='lat' dir='ltr'>erant,</span> <span class='ocrx_word' id='word_1_112' title='bbox 1006 844 1105 880; x_wconf 91' lang='lat' dir='ltr'>sicut</span> <span class='ocrx_word' id='word_1_113' title='bbox 1139 852 1225 882; x_wconf 91' lang='lat' dir='ltr'>ante</span> <span class='ocrx_word' id='word_1_114' title='bbox 1246 845 1450 883; x_wconf 87' lang='lat' dir='ltr'>adventum</span> 
     </span>
     <span class='ocr_line' id='line_1_14' title="bbox 157 894 1450 943; baseline 0.003 -11"><span class='ocrx_word' id='word_1_115' title='bbox 157 895 325 933; x_wconf 89' lang='lat' dir='ltr'>consulis</span> <span class='ocrx_word' id='word_1_116' title='bbox 358 895 512 932; x_wconf 89' lang='lat' dir='ltr'>alterius</span> <span class='ocrx_word' id='word_1_117' title='bbox 542 894 714 939; x_wconf 83' lang='lat' dir='ltr'>fuerant3</span> <span class='ocrx_word' id='word_1_118' title='bbox 762 908 837 931; x_wconf 89' lang='lat' dir='ltr'>una</span> <span class='ocrx_word' id='word_1_119' title='bbox 868 897 918 931; x_wconf 88' lang='lat' dir='ltr'>M.</span> <span class='ocrx_word' id='word_1_120' title='bbox 952 895 1063 943; x_wconf 89' lang='lat' dir='ltr'>Livii,</span> <span class='ocrx_word' id='word_1_121' title='bbox 1084 896 1201 934; x_wconf 89' lang='lat' dir='ltr'>altera</span> <span class='ocrx_word' id='word_1_122' title='bbox 1228 897 1272 935; x_wconf 89' lang='lat' dir='ltr'>L.</span> <span class='ocrx_word' id='word_1_123' title='bbox 1294 898 1450 935; x_wconf 77' lang='lat' dir='ltr'>Porcii:</span> 
     </span>
     <span class='ocr_line' id='line_1_15' title="bbox 156 946 1452 996; baseline 0.003 -12"><span class='ocrx_word' id='word_1_124' title='bbox 156 948 301 984; x_wconf 89' lang='lat' dir='ltr'>neutris</span> <span class='ocrx_word' id='word_1_125' title='bbox 319 948 535 996; x_wconf 80' lang='lat' dir='ltr'>quidquam,</span> <span class='ocrx_word' id='word_1_126' title='bbox 556 959 630 995; x_wconf 89' lang='lat' dir='ltr'>quo</span> <span class='ocrx_word' id='word_1_127' title='bbox 648 946 761 983; x_wconf 78' lang='lat' dir='ltr'>latius</span> <span class='ocrx_word' id='word_1_128' title='bbox 781 948 1013 991; x_wconf 84' lang='lat' dir='ltr'>tenderetur,</span> <span class='ocrx_word' id='word_1_129' title='bbox 1045 949 1092 985; x_wconf 89' lang='lat' dir='ltr'>ad</span> <span class='ocrx_word' id='word_1_130' title='bbox 1120 950 1358 987; x_wconf 88' lang='lat' dir='ltr'>munimenta</span> <span class='ocrx_word' id='word_1_131' title='bbox 1386 952 1452 988; x_wconf 91' lang='lat' dir='ltr'>ad-</span> 
     </span>
    </p>

    <p class='ocr_par' dir='ltr' id='par_1_5' title="bbox 114 999 1452 1259">
     <span class='ocr_line' id='line_1_16' title="bbox 114 999 1451 1049; baseline 0.003 -13"><span class='ocrx_word' id='word_1_132' title='bbox 114 1015 143 1040; x_wconf 88' lang='lat'>15</span> <span class='ocrx_word' id='word_1_133' title='bbox 155 999 313 1049; x_wconf 88' lang='lat' dir='ltr'>jectum.</span> <span class='ocrx_word' id='word_1_134' title='bbox 371 999 470 1035; x_wconf 92' lang='lat' dir='ltr'>Illud</span> <span class='ocrx_word' id='word_1_135' title='bbox 492 1006 655 1035; x_wconf 89' lang='lat' dir='ltr'>veterem</span> <span class='ocrx_word' id='word_1_136' title='bbox 685 999 824 1035; x_wconf 90' lang='lat' dir='ltr'>ducem</span> <span class='ocrx_word' id='word_1_137' title='bbox 853 1008 1121 1048; x_wconf 86' lang='lat' dir='ltr'>assuetumque</span> <span class='ocrx_word' id='word_1_138' title='bbox 1147 1002 1325 1039; x_wconf 87' lang='lat' dir='ltr'>Romano</span> <span class='ocrx_word' id='word_1_139' title='bbox 1355 1004 1451 1040; x_wconf 88' lang='lat' dir='ltr'>hosti</span> 
     </span>
     <span class='ocr_line' id='line_1_17' title="bbox 156 1050 1452 1101; baseline 0.004 -13"><span class='ocrx_word' id='word_1_140' title='bbox 156 1052 284 1096; x_wconf 90' lang='lat' dir='ltr'>movit,</span> <span class='ocrx_word' id='word_1_141' title='bbox 304 1050 403 1100; x_wconf 69' lang='lat' dir='ltr'>quod</span> <span class='ocrx_word' id='word_1_142' title='bbox 423 1051 539 1088; x_wconf 88' lang='lat' dir='ltr'>semel</span> <span class='ocrx_word' id='word_1_143' title='bbox 560 1051 598 1087; x_wconf 92' lang='lat' dir='ltr'>in</span> <span class='ocrx_word' id='word_1_144' title='bbox 617 1051 800 1099; x_wconf 89' lang='lat' dir='ltr'>praetoriis</span> <span class='ocrx_word' id='word_1_145' title='bbox 819 1053 954 1088; x_wconf 87' lang='lat' dir='ltr'>castris</span> <span class='ocrx_word' id='word_1_146' title='bbox 982 1053 1148 1101; x_wconf 89' lang='lat' dir='ltr'>signum,</span> <span class='ocrx_word' id='word_1_147' title='bbox 1182 1054 1238 1090; x_wconf 90' lang='lat' dir='ltr'>bis</span> <span class='ocrx_word' id='word_1_148' title='bbox 1257 1054 1296 1091; x_wconf 89' lang='lat' dir='ltr'>in</span> <span class='ocrx_word' id='word_1_149' title='bbox 1317 1068 1452 1093; x_wconf 90' lang='lat' dir='ltr'>consu-</span> 
     </span>
     <span class='ocr_line' id='line_1_18' title="bbox 158 1104 1450 1154; baseline 0.004 -14"><span class='ocrx_word' id='word_1_150' title='bbox 158 1104 301 1141; x_wconf 89' lang='lat' dir='ltr'>laribus</span> <span class='ocrx_word' id='word_1_151' title='bbox 332 1104 548 1141; x_wconf 86' lang='lat' dir='ltr'>referebant</span> <span class='ocrx_word' id='word_1_152' title='bbox 576 1104 790 1141; x_wconf 86' lang='lat' dir='ltr'>cecinisse:</span> <span class='ocrx_word' id='word_1_153' title='bbox 837 1105 931 1141; x_wconf 90' lang='lat' dir='ltr'>duos</span> <span class='ocrx_word' id='word_1_154' title='bbox 950 1105 1119 1154; x_wconf 78' lang='lat' dir='ltr'>profecto</span> <span class='ocrx_word' id='word_1_155' title='bbox 1148 1107 1324 1144; x_wconf 90' lang='lat' dir='ltr'>consules</span> <span class='ocrx_word' id='word_1_156' title='bbox 1343 1121 1450 1153; x_wconf 84' lang='lat' dir='ltr'>esse3</span> 
     </span>
     <span class='ocr_line' id='line_1_19' title="bbox 157 1157 1451 1205; baseline 0.004 -12"><span class='ocrx_word' id='word_1_157' title='bbox 157 1164 206 1202; x_wconf 89' lang='lat' dir='ltr'>et,</span> <span class='ocrx_word' id='word_1_158' title='bbox 226 1169 389 1205; x_wconf 89' lang='lat' dir='ltr'>quonam</span> <span class='ocrx_word' id='word_1_159' title='bbox 410 1157 522 1193; x_wconf 93' lang='lat' dir='ltr'>modo</span> <span class='ocrx_word' id='word_1_160' title='bbox 551 1157 642 1193; x_wconf 89' lang='lat' dir='ltr'>alter</span> <span class='ocrx_word' id='word_1_161' title='bbox 670 1157 718 1192; x_wconf 88' lang='lat' dir='ltr'>ab</span> <span class='ocrx_word' id='word_1_162' title='bbox 747 1157 967 1194; x_wconf 87' lang='lat' dir='ltr'>Hannibale</span> <span class='ocrx_word' id='word_1_163' title='bbox 996 1158 1253 1203; x_wconf 88' lang='lat' dir='ltr'>abscessisset,</span> <span class='ocrx_word' id='word_1_164' title='bbox 1275 1173 1367 1197; x_wconf 86' lang='lat' dir='ltr'>cura</span> <span class='ocrx_word' id='word_1_165' title='bbox 1387 1174 1451 1198; x_wconf 89' lang='lat' dir='ltr'>an-</span> 
     </span>
     <span class='ocr_line' id='line_1_20' title="bbox 157 1209 1450 1259; baseline 0.003 -13"><span class='ocrx_word' id='word_1_166' title='bbox 157 1209 282 1258; x_wconf 85' lang='lat' dir='ltr'>gebat.</span> <span class='ocrx_word' id='word_1_167' title='bbox 339 1209 501 1246; x_wconf 75' lang='lat' dir='ltr'>Minime</span> <span class='ocrx_word' id='word_1_168' title='bbox 523 1209 574 1252; x_wconf 88' lang='lat' dir='ltr'>id,</span> <span class='ocrx_word' id='word_1_169' title='bbox 603 1209 702 1257; x_wconf 89' lang='lat' dir='ltr'>quod</span> <span class='ocrx_word' id='word_1_170' title='bbox 731 1210 1036 1258; x_wconf 81' lang='lat' dir='ltr'>erat‚=suspicari</span> <span class='ocrx_word' id='word_1_171' title='bbox 1065 1218 1223 1259; x_wconf 87' lang='lat' dir='ltr'>poterat,</span> <span class='ocrx_word' id='word_1_172' title='bbox 1253 1219 1367 1249; x_wconf 88' lang='lat' dir='ltr'>tantae</span> <span class='ocrx_word' id='word_1_173' title='bbox 1396 1214 1450 1251; x_wconf 91' lang='lat' dir='ltr'>rei</span> 
     </span>
    </p>

    <p class='ocr_par' dir='ltr' id='par_1_6' title="bbox 111 1261 1462 1523">
     <span class='ocr_line' id='line_1_21' title="bbox 111 1261 1451 1309; baseline 0.004 -11"><span class='ocrx_word' id='word_1_174' title='bbox 111 1278 145 1302; x_wconf 76' lang='lat'>20</span> <span class='ocrx_word' id='word_1_175' title='bbox 159 1261 398 1299; x_wconf 86' lang='lat' dir='ltr'>frustratione</span> <span class='ocrx_word' id='word_1_176' title='bbox 420 1261 676 1298; x_wconf 88' lang='lat' dir='ltr'>Hannibalem</span> <span class='ocrx_word' id='word_1_177' title='bbox 697 1261 858 1309; x_wconf 87' lang='lat' dir='ltr'>elusum,</span> <span class='ocrx_word' id='word_1_178' title='bbox 890 1270 941 1308; x_wconf 89' lang='lat' dir='ltr'>ut,</span> <span class='ocrx_word' id='word_1_179' title='bbox 973 1263 1036 1300; x_wconf 92' lang='lat' dir='ltr'>ubi</span> <span class='ocrx_word' id='word_1_180' title='bbox 1057 1264 1146 1307; x_wconf 86' lang='lat' dir='ltr'>dux,</span> <span class='ocrx_word' id='word_1_181' title='bbox 1169 1265 1233 1301; x_wconf 93' lang='lat' dir='ltr'>ubi</span> <span class='ocrx_word' id='word_1_182' title='bbox 1262 1266 1451 1303; x_wconf 85' lang='lat' dir='ltr'>exercitus</span> 
     </span>
     <span class='ocr_line' id='line_1_22' title="bbox 157 1314 1449 1364; baseline 0.004 -14"><span class='ocrx_word' id='word_1_183' title='bbox 157 1322 270 1361; x_wconf 89' lang='lat' dir='ltr'>esset,</span> <span class='ocrx_word' id='word_1_184' title='bbox 289 1327 379 1351; x_wconf 90' lang='lat' dir='ltr'>cum</span> <span class='ocrx_word' id='word_1_185' title='bbox 407 1327 481 1362; x_wconf 93' lang='lat' dir='ltr'>quo</span> <span class='ocrx_word' id='word_1_186' title='bbox 510 1322 634 1351; x_wconf 87' lang='lat' dir='ltr'>castra</span> <span class='ocrx_word' id='word_1_187' title='bbox 653 1314 789 1351; x_wconf 87' lang='lat' dir='ltr'>collata</span> <span class='ocrx_word' id='word_1_188' title='bbox 819 1315 987 1359; x_wconf 85' lang='lat' dir='ltr'>haberet,</span> <span class='ocrx_word' id='word_1_189' title='bbox 1014 1316 1214 1364; x_wconf 85' lang='lat' dir='ltr'>ignoraret.</span> <span class='ocrx_word' id='word_1_190' title='bbox 1272 1317 1449 1355; x_wconf 72' lang='lat' dir='ltr'>Profecto</span> 
     </span>
     <span class='ocr_line' id='line_1_23' title="bbox 158 1367 1451 1421; baseline 0.003 -18"><span class='ocrx_word' id='word_1_191' title='bbox 158 1367 259 1403; x_wconf 88' lang='lat' dir='ltr'>haud</span> <span class='ocrx_word' id='word_1_192' title='bbox 281 1367 464 1404; x_wconf 87' lang='lat' dir='ltr'>mediocri</span> <span class='ocrx_word' id='word_1_193' title='bbox 484 1367 592 1404; x_wconf 89' lang='lat' dir='ltr'>clade</span> <span class='ocrx_word' id='word_1_194' title='bbox 613 1367 851 1404; x_wconf 88' lang='lat' dir='ltr'>absterritum</span> <span class='ocrx_word' id='word_1_195' title='bbox 872 1368 1019 1416; x_wconf 83' lang='lat' dir='ltr'>insequi</span> <span class='ocrx_word' id='word_1_196' title='bbox 1040 1382 1116 1405; x_wconf 91' lang='lat' dir='ltr'>non</span> <span class='ocrx_word' id='word_1_197' title='bbox 1146 1381 1280 1406; x_wconf 87' lang='lat' dir='ltr'>ausum</span> <span class='ocrx_word' id='word_1_198' title='bbox 1298 1383 1306 1407; x_wconf 90' lang='lat'>:</span> <span class='ocrx_word' id='word_1_199' title='bbox 1347 1384 1451 1421; x_wconf 88' lang='lat' dir='ltr'>mag-</span> 
     </span>
     <span class='ocr_line' id='line_1_24' title="bbox 157 1419 1462 1470; baseline 0.004 -14"><span class='ocrx_word' id='word_1_200' title='bbox 157 1432 298 1468; x_wconf 90' lang='lat' dir='ltr'>nopere</span> <span class='ocrx_word' id='word_1_201' title='bbox 318 1419 448 1465; x_wconf 89' lang='lat' dir='ltr'>vereri,</span> <span class='ocrx_word' id='word_1_202' title='bbox 469 1432 518 1456; x_wconf 90' lang='lat' dir='ltr'>ne</span> <span class='ocrx_word' id='word_1_203' title='bbox 538 1420 693 1469; x_wconf 88' lang='lat' dir='ltr'>perditis</span> <span class='ocrx_word' id='word_1_204' title='bbox 713 1420 825 1456; x_wconf 90' lang='lat' dir='ltr'>rebus</span> <span class='ocrx_word' id='word_1_205' title='bbox 857 1433 981 1457; x_wconf 89' lang='lat' dir='ltr'>serum</span> <span class='ocrx_word' id='word_1_206' title='bbox 1012 1421 1092 1470; x_wconf 87' lang='lat' dir='ltr'>ipse</span> <span class='ocrx_word' id='word_1_207' title='bbox 1126 1422 1308 1459; x_wconf 87' lang='lat' dir='ltr'>auxilium</span> <span class='ocrx_word' id='word_1_208' title='bbox 1331 1424 1462 1461; x_wconf 76' lang='lat' dir='ltr'>venis-v</span> 
     </span>
     <span class='ocr_line' id='line_1_25' title="bbox 157 1472 1452 1523; baseline 0.004 -15"><span class='ocrx_word' id='word_1_209' title='bbox 157 1479 236 1516; x_wconf 79' lang='lat' dir='ltr'>set;</span> <span class='ocrx_word' id='word_1_210' title='bbox 266 1472 530 1520; x_wconf 88' lang='lat' dir='ltr'>Romanisque</span> <span class='ocrx_word' id='word_1_211' title='bbox 550 1473 683 1508; x_wconf 88' lang='lat' dir='ltr'>eadem</span> <span class='ocrx_word' id='word_1_212' title='bbox 699 1472 777 1521; x_wconf 85' lang='lat' dir='ltr'>jam</span> <span class='ocrx_word' id='word_1_213' title='bbox 798 1473 946 1509; x_wconf 89' lang='lat' dir='ltr'>fortuna</span> <span class='ocrx_word' id='word_1_214' title='bbox 967 1474 1004 1510; x_wconf 91' lang='lat' dir='ltr'>in</span> <span class='ocrx_word' id='word_1_215' title='bbox 1041 1474 1149 1510; x_wconf 63' lang='lat' dir='ltr'>Italia</span> <span class='ocrx_word' id='word_1_216' title='bbox 1181 1487 1263 1523; x_wconf 90' lang='lat' dir='ltr'>quae</span> <span class='ocrx_word' id='word_1_217' title='bbox 1292 1476 1331 1512; x_wconf 93' lang='lat' dir='ltr'>in</span> <span class='ocrx_word' id='word_1_218' title='bbox 1363 1477 1452 1513; x_wconf 90' lang='lat' dir='ltr'>His-</span> 
     </span>
    </p>

    <p class='ocr_par' dir='ltr' id='par_1_7' title="bbox 111 1524 1452 2364">
     <span class='ocr_line' id='line_1_26' title="bbox 111 1524 1452 1576; baseline 0.004 -16"><span class='ocrx_word' id='word_1_219' title='bbox 111 1524 285 1573; x_wconf 67' lang='lat' dir='ltr'>25panifi,</span> <span class='ocrx_word' id='word_1_220' title='bbox 306 1531 417 1561; x_wconf 88' lang='lat' dir='ltr'>esset.</span> <span class='ocrx_word' id='word_1_221' title='bbox 476 1524 686 1567; x_wconf 91' lang='lat' dir='ltr'>Interdum,</span> <span class='ocrx_word' id='word_1_222' title='bbox 707 1525 834 1562; x_wconf 89' lang='lat' dir='ltr'>literas</span> <span class='ocrx_word' id='word_1_223' title='bbox 867 1539 955 1562; x_wconf 89' lang='lat' dir='ltr'>suas</span> <span class='ocrx_word' id='word_1_224' title='bbox 974 1526 1020 1562; x_wconf 92' lang='lat' dir='ltr'>ad</span> <span class='ocrx_word' id='word_1_225' title='bbox 1040 1539 1127 1562; x_wconf 89' lang='lat' dir='ltr'>eum</span> <span class='ocrx_word' id='word_1_226' title='bbox 1156 1539 1231 1563; x_wconf 88' lang='lat' dir='ltr'>non</span> <span class='ocrx_word' id='word_1_227' title='bbox 1260 1530 1452 1576; x_wconf 90' lang='lat' dir='ltr'>pervenis-</span> 
     </span>
     <span class='ocr_line' id='line_1_27' title="bbox 158 1577 1452 1629; baseline 0.004 -16"><span class='ocrx_word' id='word_1_228' title='bbox 158 1589 213 1623; x_wconf 89' lang='lat' dir='ltr'>se,</span> <span class='ocrx_word' id='word_1_229' title='bbox 233 1577 389 1614; x_wconf 83' lang='lat' dir='ltr'>credere</span> <span class='ocrx_word' id='word_1_230' title='bbox 407 1589 415 1613; x_wconf 76' lang='lat' dir='ltr'>z</span> <span class='ocrx_word' id='word_1_231' title='bbox 445 1577 740 1625; x_wconf 89' lang='lat' dir='ltr'>interceptisque</span> <span class='ocrx_word' id='word_1_232' title='bbox 769 1578 827 1621; x_wconf 89' lang='lat' dir='ltr'>iis,</span> <span class='ocrx_word' id='word_1_233' title='bbox 849 1578 1044 1615; x_wconf 88' lang='lat' dir='ltr'>consulem</span> <span class='ocrx_word' id='word_1_234' title='bbox 1065 1579 1112 1615; x_wconf 89' lang='lat' dir='ltr'>ad</span> <span class='ocrx_word' id='word_1_235' title='bbox 1133 1592 1216 1615; x_wconf 89' lang='lat' dir='ltr'>sese</span> <span class='ocrx_word' id='word_1_236' title='bbox 1238 1581 1452 1629; x_wconf 86' lang='lat' dir='ltr'>opprimen-</span> 
     </span>
     <span class='ocr_line' id='line_1_28' title="bbox 158 1629 1452 1682; baseline 0.005 -18"><span class='ocrx_word' id='word_1_237' title='bbox 158 1629 250 1665; x_wconf 92' lang='lat' dir='ltr'>dum</span> <span class='ocrx_word' id='word_1_238' title='bbox 272 1629 518 1666; x_wconf 67' lang='lat' dir='ltr'>accelerasse.</span> <span class='ocrx_word' id='word_1_239' title='bbox 576 1630 649 1665; x_wconf 91' lang='lat' dir='ltr'>His</span> <span class='ocrx_word' id='word_1_240' title='bbox 679 1630 814 1667; x_wconf 86' lang='lat' dir='ltr'>anxius</span> <span class='ocrx_word' id='word_1_241' title='bbox 843 1631 957 1678; x_wconf 91' lang='lat' dir='ltr'>curis,</span> <span class='ocrx_word' id='word_1_242' title='bbox 986 1632 1184 1668; x_wconf 86' lang='lat' dir='ltr'>exstinctis</span> <span class='ocrx_word' id='word_1_243' title='bbox 1213 1632 1378 1682; x_wconf 84' lang='lat' dir='ltr'>ignibus,</span> <span class='ocrx_word' id='word_1_244' title='bbox 1400 1635 1452 1671; x_wconf 87' lang='lat' dir='ltr'>vi-</span> 
     </span>
     <span class='ocr_line' id='line_1_29' title="bbox 159 1681 1451 1734; baseline 0.005 -17"><span class='ocrx_word' id='word_1_245' title='bbox 159 1681 253 1730; x_wconf 71' lang='lat' dir='ltr'>gilia</span> <span class='ocrx_word' id='word_1_246' title='bbox 273 1681 395 1730; x_wconf 73' lang='lat' dir='ltr'>prima</span> <span class='ocrx_word' id='word_1_247' title='bbox 413 1682 501 1718; x_wconf 88' lang='lat' dir='ltr'>dato</span> <span class='ocrx_word' id='word_1_248' title='bbox 519 1681 641 1730; x_wconf 85' lang='lat' dir='ltr'>signo,</span> <span class='ocrx_word' id='word_1_249' title='bbox 663 1690 703 1718; x_wconf 93' lang='lat' dir='ltr'>ut</span> <span class='ocrx_word' id='word_1_250' title='bbox 721 1683 826 1719; x_wconf 89' lang='lat' dir='ltr'>taciti</span> <span class='ocrx_word' id='word_1_251' title='bbox 847 1696 936 1719; x_wconf 90' lang='lat' dir='ltr'>vasa</span> <span class='ocrx_word' id='word_1_252' title='bbox 957 1684 1194 1733; x_wconf 83' lang='lat' dir='ltr'>colligerent,</span> <span class='ocrx_word' id='word_1_253' title='bbox 1224 1686 1334 1734; x_wconf 89' lang='lat' dir='ltr'>signa</span> <span class='ocrx_word' id='word_1_254' title='bbox 1363 1687 1451 1724; x_wconf 92' lang='lat' dir='ltr'>ferri</span> 
     </span>
     <span class='ocr_line' id='line_1_30' title="bbox 155 1733 1450 1787; baseline 0.005 -18"><span class='ocrx_word' id='word_1_255' title='bbox 155 1733 278 1782; x_wconf 86' lang='lat' dir='ltr'>jussit.</span> <span class='ocrx_word' id='word_1_256' title='bbox 345 1733 392 1770; x_wconf 90' lang='lat' dir='ltr'>In</span> <span class='ocrx_word' id='word_1_257' title='bbox 420 1733 670 1783; x_wconf 89' lang='lat' dir='ltr'>trepidatione</span> <span class='ocrx_word' id='word_1_258' title='bbox 699 1743 736 1771; x_wconf 91' lang='lat' dir='ltr'>et</span> <span class='ocrx_word' id='word_1_259' title='bbox 764 1742 950 1772; x_wconf 87' lang='lat' dir='ltr'>nocturno</span> <span class='ocrx_word' id='word_1_260' title='bbox 978 1736 1142 1772; x_wconf 89' lang='lat' dir='ltr'>tumultu</span> <span class='ocrx_word' id='word_1_261' title='bbox 1171 1737 1289 1774; x_wconf 89' lang='lat' dir='ltr'>duces</span> <span class='ocrx_word' id='word_1_262' title='bbox 1318 1751 1450 1787; x_wconf 89' lang='lat' dir='ltr'>parum</span> 
     </span>
     <span class='ocr_line' id='line_1_31' title="bbox 113 1786 1450 1837; baseline 0.004 -15"><span class='ocrx_word' id='word_1_263' title='bbox 113 1786 305 1827; x_wconf 64' lang='lat' dir='ltr'>aointente*</span> <span class='ocrx_word' id='word_1_264' title='bbox 326 1787 520 1830; x_wconf 88' lang='lat' dir='ltr'>asservati,</span> <span class='ocrx_word' id='word_1_265' title='bbox 542 1787 634 1823; x_wconf 89' lang='lat' dir='ltr'>alter</span> <span class='ocrx_word' id='word_1_266' title='bbox 654 1787 692 1823; x_wconf 92' lang='lat' dir='ltr'>in</span> <span class='ocrx_word' id='word_1_267' title='bbox 712 1787 909 1824; x_wconf 86' lang='lat' dir='ltr'>destinatis</span> <span class='ocrx_word' id='word_1_268' title='bbox 925 1788 1002 1837; x_wconf 90' lang='lat' dir='ltr'>jam</span> <span class='ocrx_word' id='word_1_269' title='bbox 1024 1788 1112 1825; x_wconf 73' lang='lat' dir='ltr'>ante</span> <span class='ocrx_word' id='word_1_270' title='bbox 1142 1789 1270 1827; x_wconf 89' lang='lat' dir='ltr'>animo</span> <span class='ocrx_word' id='word_1_271' title='bbox 1297 1790 1450 1828; x_wconf 87' lang='lat' dir='ltr'>latebris</span> 
     </span>
     <span class='ocr_line' id='line_1_32' title="bbox 159 1838 1449 1888; baseline 0.005 -14"><span class='ocrx_word' id='word_1_272' title='bbox 159 1838 343 1886; x_wconf 89' lang='lat' dir='ltr'>subsedit,</span> <span class='ocrx_word' id='word_1_273' title='bbox 386 1839 478 1876; x_wconf 88' lang='lat' dir='ltr'>alter</span> <span class='ocrx_word' id='word_1_274' title='bbox 514 1851 580 1888; x_wconf 91' lang='lat' dir='ltr'>per</span> <span class='ocrx_word' id='word_1_275' title='bbox 617 1840 713 1875; x_wconf 89' lang='lat' dir='ltr'>vada</span> <span class='ocrx_word' id='word_1_276' title='bbox 741 1848 830 1877; x_wconf 87' lang='lat' dir='ltr'>nota</span> <span class='ocrx_word' id='word_1_277' title='bbox 858 1840 1076 1878; x_wconf 87' lang='lat' dir='ltr'>Metaurum</span> <span class='ocrx_word' id='word_1_278' title='bbox 1105 1841 1246 1879; x_wconf 88' lang='lat' dir='ltr'>flumen</span> <span class='ocrx_word' id='word_1_279' title='bbox 1276 1844 1449 1881; x_wconf 84' lang='lat' dir='ltr'>tranavit.</span> 
     </span>
     <span class='ocr_line' id='line_1_33' title="bbox 160 1890 1449 1944; baseline 0.004 -16"><span class='ocrx_word' id='word_1_280' title='bbox 160 1890 220 1928; x_wconf 90' lang='lat' dir='ltr'>Ita</span> <span class='ocrx_word' id='word_1_281' title='bbox 248 1892 439 1928; x_wconf 90' lang='lat' dir='ltr'>desertum</span> <span class='ocrx_word' id='word_1_282' title='bbox 469 1904 491 1928; x_wconf 92' lang='lat' dir='ltr'>a</span> <span class='ocrx_word' id='word_1_283' title='bbox 518 1891 681 1928; x_wconf 91' lang='lat' dir='ltr'>ducibus</span> <span class='ocrx_word' id='word_1_284' title='bbox 709 1905 845 1941; x_wconf 82' lang='lat' dir='ltr'>agmen</span> <span class='ocrx_word' id='word_1_285' title='bbox 887 1893 1005 1941; x_wconf 71' lang='lat' dir='ltr'>primo</span> <span class='ocrx_word' id='word_1_286' title='bbox 1044 1906 1110 1942; x_wconf 90' lang='lat' dir='ltr'>per</span> <span class='ocrx_word' id='word_1_287' title='bbox 1139 1907 1247 1943; x_wconf 88' lang='lat' dir='ltr'>agros</span> <span class='ocrx_word' id='word_1_288' title='bbox 1275 1896 1449 1944; x_wconf 89' lang='lat' dir='ltr'>palatur;</span> 
     </span>
     <span class='ocr_line' id='line_1_34' title="bbox 161 1943 1449 1997; baseline 0.005 -17"><span class='ocrx_word' id='word_1_289' title='bbox 161 1943 324 1992; x_wconf 87' lang='lat' dir='ltr'>fessique</span> <span class='ocrx_word' id='word_1_290' title='bbox 353 1944 494 1993; x_wconf 89' lang='lat' dir='ltr'>aliquot</span> <span class='ocrx_word' id='word_1_291' title='bbox 522 1957 655 1981; x_wconf 90' lang='lat' dir='ltr'>somno</span> <span class='ocrx_word' id='word_1_292' title='bbox 684 1957 729 1980; x_wconf 89' lang='lat' dir='ltr'>ac</span> <span class='ocrx_word' id='word_1_293' title='bbox 758 1945 894 1994; x_wconf 89' lang='lat' dir='ltr'>vigiliis</span> <span class='ocrx_word' id='word_1_294' title='bbox 923 1952 1097 1983; x_wconf 87' lang='lat' dir='ltr'>sternunt</span> <span class='ocrx_word' id='word_1_295' title='bbox 1122 1959 1280 1996; x_wconf 86' lang='lat' dir='ltr'>corpora</span> <span class='ocrx_word' id='word_1_296' title='bbox 1298 1961 1449 1997; x_wconf 84' lang='lat' dir='ltr'>passim,</span> 
     </span>
     <span class='ocr_line' id='line_1_35' title="bbox 160 1996 1449 2047; baseline 0.004 -14"><span class='ocrx_word' id='word_1_297' title='bbox 160 2003 271 2045; x_wconf 88' lang='lat' dir='ltr'>atque</span> <span class='ocrx_word' id='word_1_298' title='bbox 304 1996 557 2045; x_wconf 87' lang='lat' dir='ltr'>infrequentia</span> <span class='ocrx_word' id='word_1_299' title='bbox 585 1996 803 2045; x_wconf 90' lang='lat' dir='ltr'>relinquunt</span> <span class='ocrx_word' id='word_1_300' title='bbox 829 1998 948 2047; x_wconf 89' lang='lat' dir='ltr'>signa.</span> <span class='ocrx_word' id='word_1_301' title='bbox 1006 1999 1236 2044; x_wconf 89' lang='lat' dir='ltr'>Hasdrubal,</span> <span class='ocrx_word' id='word_1_302' title='bbox 1267 2001 1356 2037; x_wconf 92' lang='lat' dir='ltr'>dum</span> <span class='ocrx_word' id='word_1_303' title='bbox 1387 2002 1449 2039; x_wconf 87' lang='lat' dir='ltr'>lux</span> 
     </span>
     <span class='ocr_line' id='line_1_36' title="bbox 114 2048 1450 2102; baseline 0.004 -18"><span class='ocrx_word' id='word_1_304' title='bbox 114 2066 146 2092; x_wconf 82' lang='lat'>³5</span> <span class='ocrx_word' id='word_1_305' title='bbox 160 2049 258 2085; x_wconf 87' lang='lat' dir='ltr'>viam</span> <span class='ocrx_word' id='word_1_306' title='bbox 277 2049 506 2095; x_wconf 89' lang='lat' dir='ltr'>ostenderet,</span> <span class='ocrx_word' id='word_1_307' title='bbox 526 2049 604 2098; x_wconf 68' lang='lat' dir='ltr'>ripa</span> <span class='ocrx_word' id='word_1_308' title='bbox 626 2048 793 2086; x_wconf 92' lang='lat' dir='ltr'>fluminis</span> <span class='ocrx_word' id='word_1_309' title='bbox 813 2051 922 2100; x_wconf 88' lang='lat' dir='ltr'>signa</span> <span class='ocrx_word' id='word_1_310' title='bbox 942 2051 1028 2088; x_wconf 86' lang='lat' dir='ltr'>ferri</span> <span class='ocrx_word' id='word_1_311' title='bbox 1058 2051 1165 2100; x_wconf 87' lang='lat' dir='ltr'>jubet</span> <span class='ocrx_word' id='word_1_312' title='bbox 1183 2065 1193 2095; x_wconf 75' lang='grc' dir='ltr'><strong>ς</strong></span> <span class='ocrx_word' id='word_1_313' title='bbox 1236 2060 1273 2089; x_wconf 90' lang='lat' dir='ltr'>et</span> <span class='ocrx_word' id='word_1_314' title='bbox 1293 2066 1358 2102; x_wconf 85' lang='lat' dir='ltr'>per</span> <span class='ocrx_word' id='word_1_315' title='bbox 1377 2061 1450 2090; x_wconf 86' lang='lat' dir='ltr'>tor-</span> 
     </span>
     <span class='ocr_line' id='line_1_37' title="bbox 160 2101 1448 2151; baseline 0.005 -14"><span class='ocrx_word' id='word_1_316' title='bbox 160 2101 258 2138; x_wconf 87' lang='lat' dir='ltr'>tuosi</span> <span class='ocrx_word' id='word_1_317' title='bbox 279 2101 401 2138; x_wconf 90' lang='lat' dir='ltr'>amnis</span> <span class='ocrx_word' id='word_1_318' title='bbox 419 2102 524 2138; x_wconf 92' lang='lat' dir='ltr'>sinus</span> <span class='ocrx_word' id='word_1_319' title='bbox 553 2101 745 2151; x_wconf 87' lang='lat' dir='ltr'>flexusque</span> <span class='ocrx_word' id='word_1_320' title='bbox 771 2115 936 2140; x_wconf 89' lang='lat' dir='ltr'>errorem</span> <span class='ocrx_word' id='word_1_321' title='bbox 966 2104 1128 2150; x_wconf 85' lang='lat' dir='ltr'>volvens,</span> <span class='ocrx_word' id='word_1_322' title='bbox 1160 2105 1260 2141; x_wconf 89' lang='lat' dir='ltr'>haud</span> <span class='ocrx_word' id='word_1_323' title='bbox 1290 2106 1448 2144; x_wconf 74' lang='lat' dir='ltr'>multum</span> 
     </span>
     <span class='ocr_line' id='line_1_38' title="bbox 160 2153 1447 2205; baseline 0.005 -16"><span class='ocrx_word' id='word_1_324' title='bbox 160 2153 356 2203; x_wconf 84' lang='lat' dir='ltr'>processit,</span> <span class='ocrx_word' id='word_1_325' title='bbox 387 2154 451 2190; x_wconf 93' lang='lat' dir='ltr'>ubi</span> <span class='ocrx_word' id='word_1_326' title='bbox 471 2154 591 2202; x_wconf 85' lang='lat' dir='ltr'>prima</span> <span class='ocrx_word' id='word_1_327' title='bbox 618 2154 682 2192; x_wconf 86' lang='lat' dir='ltr'>lux</span> <span class='ocrx_word' id='word_1_328' title='bbox 701 2156 901 2193; x_wconf 87' lang='lat' dir='ltr'>transitum</span> <span class='ocrx_word' id='word_1_329' title='bbox 932 2164 1184 2205; x_wconf 89' lang='lat' dir='ltr'>opportunum</span> <span class='ocrx_word' id='word_1_330' title='bbox 1207 2159 1447 2203; x_wconf 88' lang='lat' dir='ltr'>ostendisset,</span> 
     </span>
     <span class='ocr_line' id='line_1_39' title="bbox 160 2206 1448 2260; baseline 0.005 -18"><span class='ocrx_word' id='word_1_331' title='bbox 160 2206 398 2243; x_wconf 88' lang='lat' dir='ltr'>transiturus.</span> <span class='ocrx_word' id='word_1_332' title='bbox 456 2207 532 2244; x_wconf 86' lang='lat' dir='ltr'>Sed</span> <span class='ocrx_word' id='word_1_333' title='bbox 552 2219 680 2255; x_wconf 91' lang='lat' dir='ltr'>quum,</span> <span class='ocrx_word' id='word_1_334' title='bbox 699 2208 880 2257; x_wconf 79' lang='lat' dir='ltr'>quantum</span> <span class='ocrx_word' id='word_1_335' title='bbox 903 2208 1042 2260; x_wconf 89' lang='lat' dir='ltr'>[mare]</span> <span class='ocrx_word' id='word_1_336' title='bbox 1065 2210 1307 2254; x_wconf 86' lang='lat' dir='ltr'>abscedebat,</span> <span class='ocrx_word' id='word_1_337' title='bbox 1341 2210 1448 2249; x_wconf 75' lang='lat' dir='ltr'>tanto</span> 
     </span>
     <span class='ocr_line' id='line_1_40' title="bbox 164 2259 1446 2311; baseline 0.005 -16"><span class='ocrx_word' id='word_1_338' title='bbox 164 2259 360 2296; x_wconf 90' lang='lat' dir='ltr'>altioribus</span> <span class='ocrx_word' id='word_1_339' title='bbox 388 2260 652 2296; x_wconf 65' lang='lat' dir='ltr'>coercentibus</span> <span class='ocrx_word' id='word_1_340' title='bbox 681 2273 833 2298; x_wconf 88' lang='lat' dir='ltr'>amnem</span> <span class='ocrx_word' id='word_1_341' title='bbox 875 2262 977 2311; x_wconf 89' lang='lat' dir='ltr'>ripis,</span> <span class='ocrx_word' id='word_1_342' title='bbox 1017 2275 1093 2299; x_wconf 92' lang='lat' dir='ltr'>non</span> <span class='ocrx_word' id='word_1_343' title='bbox 1123 2263 1310 2300; x_wconf 88' lang='lat' dir='ltr'>inveniret</span> <span class='ocrx_word' id='word_1_344' title='bbox 1339 2265 1446 2308; x_wconf 88' lang='lat' dir='ltr'>vada,</span> 
     </span>
     <span class='ocr_line' id='line_1_41' title="bbox 115 2311 1341 2364; baseline 0.005 -17"><span class='ocrx_word' id='word_1_345' title='bbox 115 2329 147 2353; x_wconf 77' lang='lat'>40</span> <span class='ocrx_word' id='word_1_346' title='bbox 162 2311 262 2348; x_wconf 89' lang='lat' dir='ltr'>diem</span> <span class='ocrx_word' id='word_1_347' title='bbox 282 2312 442 2348; x_wconf 87' lang='lat' dir='ltr'>terendo</span> <span class='ocrx_word' id='word_1_348' title='bbox 461 2312 621 2361; x_wconf 87' lang='lat' dir='ltr'>spatium</span> <span class='ocrx_word' id='word_1_349' title='bbox 641 2313 746 2350; x_wconf 89' lang='lat' dir='ltr'>dedit</span> <span class='ocrx_word' id='word_1_350' title='bbox 765 2314 812 2350; x_wconf 92' lang='lat' dir='ltr'>ad</span> <span class='ocrx_word' id='word_1_351' title='bbox 833 2315 1108 2364; x_wconf 88' lang='lat' dir='ltr'>insequendum</span> <span class='ocrx_word' id='word_1_352' title='bbox 1129 2328 1212 2352; x_wconf 90' lang='lat' dir='ltr'>sese</span> <span class='ocrx_word' id='word_1_353' title='bbox 1233 2317 1341 2354; x_wconf 81' lang='lat' dir='ltr'>hosti.</span> 
     </span>
    </p>
   </div>
   <div class='ocr_carea' id='block_1_3' title="bbox 162 2414 1448 2522">
    <p class='ocr_par' dir='ltr' id='par_1_8' title="bbox 162 2414 1448 2522">
     <span class='ocr_line' id='line_1_42' title="bbox 214 2414 1448 2470; baseline 0.004 -17"><span class='ocrx_word' id='word_1_354' title='bbox 214 2414 404 2454; x_wconf 90' lang='lat' dir='ltr'>XLVIII.</span> <span class='ocrx_word' id='word_1_355' title='bbox 434 2416 540 2455; x_wconf 86' lang='lat' dir='ltr'>Nero</span> <span class='ocrx_word' id='word_1_356' title='bbox 559 2418 724 2466; x_wconf 70' lang='lat' dir='ltr'>primnm</span> <span class='ocrx_word' id='word_1_357' title='bbox 745 2432 832 2457; x_wconf 91' lang='lat' dir='ltr'>cum</span> <span class='ocrx_word' id='word_1_358' title='bbox 851 2421 954 2458; x_wconf 91' lang='lat' dir='ltr'>omni</span> <span class='ocrx_word' id='word_1_359' title='bbox 975 2421 1142 2470; x_wconf 89' lang='lat' dir='ltr'>equitatu</span> <span class='ocrx_word' id='word_1_360' title='bbox 1163 2421 1325 2458; x_wconf 87' lang='lat' dir='ltr'>advenit.</span> <span class='ocrx_word' id='word_1_361' title='bbox 1359 2421 1448 2458; x_wconf 91' lang='lat' dir='ltr'>Por-</span> 
     </span>
     <span class='ocr_line' id='line_1_43' title="bbox 162 2469 1448 2522; baseline 0.003 -16"><span class='ocrx_word' id='word_1_362' title='bbox 162 2469 245 2507; x_wconf 90' lang='lat' dir='ltr'>cius</span> <span class='ocrx_word' id='word_1_363' title='bbox 265 2470 404 2507; x_wconf 88' lang='lat' dir='ltr'>deinde</span> <span class='ocrx_word' id='word_1_364' title='bbox 437 2478 632 2508; x_wconf 86' lang='lat' dir='ltr'>assecutus</span> <span class='ocrx_word' id='word_1_365' title='bbox 663 2484 751 2509; x_wconf 90' lang='lat' dir='ltr'>cum</span> <span class='ocrx_word' id='word_1_366' title='bbox 781 2473 852 2510; x_wconf 86' lang='lat' dir='ltr'>levi</span> <span class='ocrx_word' id='word_1_367' title='bbox 883 2475 1084 2511; x_wconf 73' lang='lat' dir='ltr'>armatura.</span> <span class='ocrx_word' id='word_1_368' title='bbox 1139 2473 1221 2513; x_wconf 83' lang='lat' dir='ltr'>Qui</span> <span class='ocrx_word' id='word_1_369' title='bbox 1240 2485 1356 2522; x_wconf 90' lang='lat' dir='ltr'>quum</span> <span class='ocrx_word' id='word_1_370' title='bbox 1377 2473 1448 2510; x_wconf 89' lang='lat' dir='ltr'>fes-</span> 
     </span>
    </p>
   </div>
  </div>
 </body>
</html>
