1617 2765
152 185 227 224 144
457 185 548 218 'rm
573 186 684 217 len
709 185 844 216 LIBER
867 185 926 216 vl.
961 195 1041 217 ω.
1057 195 1110 217 xx.

148 278 284 329 populo
304 278 481 317 Romano
513 279 551 316 in
581 293 648 317 suo
668 280 885 316 discrimine
905 280 1060 317 darent:
1099 287 1136 316 et
1154 280 1278 317 orasse
1298 280 1426 331 singu-

150 332 204 367 los
223 331 502 379 universosque,
523 339 563 368 ut
583 332 810 380 Capitolium
827 339 936 379 atque
958 345 1082 369 arcem
1104 332 1305 378 intuentes,
1322 340 1362 370 ut
1379 333 1425 369 ad

150 383 251 420 Deos
271 383 500 420 immortales
521 383 630 430 versi,
650 384 696 419 de
717 396 756 419 se
773 384 999 432 judicarent.
1056 384 1102 420 In
1122 384 1267 433 Campo
1288 384 1426 422 Martio

149 448 263 483 quum
284 435 526 472 centuriatim
556 435 714 483 populus
742 436 933 482 citaretur,
953 443 991 472 ct
1009 449 1108 479 reus,
1130 437 1176 472 ad
1196 437 1426 485 Capitolium

149 500 282 524 manus
302 488 473 532 tendens,
495 487 542 523 ab
562 487 776 524 hominibus
795 487 841 524 ad
862 487 964 524 Deos
979 501 1110 537 preces
1129 489 1343 533 avertisset;
1364 501 1427 537 ap-

148 540 270 588 paruit
289 539 462 586 tribunis,
491 539 564 575 nisi
593 539 722 576 oculos
741 552 885 587 quoque
920 540 1114 576 hominum
1140 539 1361 576 liberassent
1381 541 1427 576 ab

147 592 240 627 tanti
260 591 442 627 memoria
458 591 618 634 decoris,
640 604 832 640 nunquam
853 591 929 628 fore
941 592 978 628 in
1001 592 1271 640 praeoccupatis
1287 592 1423 628 benefi-

147 644 208 680 cio
228 643 364 679 animis
384 655 470 679 vero
490 643 640 679 crimini
660 644 798 680 locum.
856 644 913 680 Ita
932 644 1103 692 prodicta
1123 645 1197 687 die,
1219 644 1257 680 in
1278 644 1428 681 Poeteli-

147 708 238 731 num
268 695 395 731 lucum
425 702 530 732 extra
571 702 714 743 portam
744 695 1040 742 Nomentanam,
1070 696 1172 732 unde
1201 703 1427 745 conspectus

146 747 185 783 in
215 747 444 794 Capitolium
472 759 548 783 non
577 753 688 792 esset,
731 747 936 783 concilium
976 747 1102 795 populi
1132 748 1316 784 indictum
1358 756 1426 786 est.
1442 754 1472 779 10

147 798 206 834 Ibi
245 798 389 834 crimen
429 798 554 843 valuit,
594 805 632 834 et
669 798 867 834 obstinatis
909 799 1044 834 animis
1084 799 1188 835 triste
1227 799 1427 848 judicium,

145 849 383 897 invisumque
402 849 516 886 etiam
544 850 749 899 judicibus,
777 849 930 886 factum.
987 851 1085 887 Sunt
1112 851 1175 899 qui
1201 864 1267 899 per
1295 852 1428 889 duum-

146 902 256 948 viros,
299 902 361 950 qui
403 902 450 938 de
496 902 753 950 perduellione
802 903 1056 950 anquirerent,
1098 910 1256 950 ereatOS,
1303 912 1426 942 aucto·

146 966 207 990 res
226 954 301 990 sint
319 955 552 990 damnatum.
608 954 770 990 Tribuni
802 954 849 990 de
879 967 967 991 saxo
996 955 1162 1003 Tarpejo
1181 956 1426 1004 dejecerunt:

146 1006 326 1054 locusque
348 1006 448 1042 idem
468 1005 506 1042 in
528 1018 604 1042 uno
620 1006 772 1042 homine
789 1012 827 1042 et
841 1006 988 1042 eximiae
1000 1007 1127 1055 gloriae
1140 1016 1427 1046 monumentum
1443 1013 1474 1038 15

146 1066 184 1095 et
202 1071 323 1107 poenae
344 1058 484 1094 ultimae
505 1057 584 1094 suit.
641 1058 814 1106 Adjectae
844 1066 989 1095 mortuo
1018 1065 1114 1095 notae
1134 1066 1247 1095 sunt:
1276 1061 1430 1108 publica

146 1123 246 1153 una3
276 1109 387 1158 quod,
407 1122 522 1158 quum
543 1110 677 1146 domus
704 1110 785 1158 ejus
815 1110 958 1154 fuisset,
979 1111 1044 1147 ubi
1074 1123 1177 1147 nunc
1198 1112 1297 1148 aedes
1318 1120 1428 1160 atque

145 1162 299 1198 officina
318 1162 483 1198 Monetae
502 1169 572 1208 est,
590 1162 706 1198 latum
727 1162 773 1198 ad
793 1162 970 1210 populum
990 1169 1059 1205 est,
1081 1175 1129 1199 ne
1149 1163 1231 1210 quis
1248 1165 1429 1211 patricius

146 1214 187 1250 in
207 1226 293 1249 arce
314 1220 378 1249 aut
397 1213 583 1262 Capitolio
602 1214 808 1250 habitaret:
837 1214 1033 1262 gentilicia
1052 1214 1190 1258 altera3
1219 1215 1317 1263 quod
1337 1228 1430 1264 gen-

146 1266 194 1302 tis
215 1266 371 1302 Manliae
391 1265 544 1302 decreto
559 1273 712 1302 cautum
733 1274 799 1311 est,
820 1279 868 1302 ne
884 1266 966 1314 quis
985 1266 1123 1302 deinde
1146 1266 1299 1303 Marcus
1319 1267 1474 1305 Man-20

146 1318 219 1354 lius
234 1324 442 1354 vocaretur.
499 1318 617 1354 Hunc
636 1318 781 1354 exitum
801 1318 932 1354 habuit
952 1318 1017 1360 vir,
1050 1318 1121 1354 nisi
1143 1319 1179 1355 in
1201 1319 1320 1356 libera
1339 1320 1429 1357 civi-

146 1376 222 1406 tate
260 1380 371 1406 natus
407 1377 516 1416 esset,
551 1370 815 1406 memorabilis.
872 1370 1056 1418 Populum
1090 1370 1204 1416 brevi,
1233 1378 1428 1420 postquam

146 1422 358 1470 periculum
379 1422 425 1458 ab
444 1435 489 1459 eo
509 1422 654 1459 nullum
673 1429 765 1469 erat,
784 1435 850 1471 per
866 1435 905 1458 se
926 1423 1024 1471 ipsas
1039 1423 1301 1460 recordantem
1317 1424 1429 1461 virtu-

148 1481 216 1519 tes,
237 1474 467 1510 desiderium
494 1474 576 1523 ejus
595 1474 727 1511 tenuit.
783 1474 1003 1511 Pestilentia
1032 1475 1145 1511 etiam
1166 1475 1267 1511 brevi
1296 1488 1428 1513 conse-

147 1533 248 1568 cuta,
271 1526 383 1562 nullis
411 1526 698 1563 occurrentibus
726 1534 839 1563 tantae
869 1527 987 1563 cladis
1007 1527 1143 1570 causis,
1164 1539 1210 1563 ex
1231 1527 1472 1565 Manlian02⁵

147 1578 332 1626 supplicio
351 1591 498 1627 magnae
531 1578 625 1627 parti
655 1578 772 1615 videri
803 1585 909 1615 orta:
958 1585 981 1601 “
999 1579 1174 1615 violatum
1195 1579 1428 1627 Capitolium

149 1636 173 1653 “
190 1642 273 1666 esse
293 1631 478 1679 sanguine
498 1630 698 1667 servatoris
713 1644 720 1666 :
750 1644 822 1667 nec
837 1630 919 1667 Diis
933 1631 1036 1668 cordi
1055 1631 1167 1667 fuisse
1181 1644 1330 1679 poenam
1346 1631 1427 1680 ejus

149 1688 173 1705 “
189 1682 351 1719 oblatam
373 1682 485 1731 propr}
501 1682 620 1719 oculis
639 1683 727 1729 suis,
756 1695 777 1720 a
795 1695 869 1731 quo
901 1696 970 1720 sua
1002 1683 1140 1732 templa
1158 1690 1286 1732 erepta
1310 1695 1331 1720 e
1350 1695 1428 1720 ma-

149 1740 173 1757 “
190 1734 302 1771 nibus
322 1734 483 1772 hostium
504 1735 667 1772 essent-'²
