1617 2765
152 191 205 230 34
686 191 777 222 TlTI
801 191 912 222 LIVII

153 285 252 330 inde,
275 284 419 334 ingenti
438 286 565 334 praeda
585 285 737 334 potitus,
755 286 918 323 Romam
939 286 1047 334 redit,
1068 293 1146 323 tum
1176 298 1323 335 quoque
1343 286 1437 324 mul-

153 337 201 374 tis
238 337 403 374 millibus
433 337 653 374 Latinorum
683 339 720 374 in
750 339 940 374 civitatem
969 340 1163 388 accepti53
1209 339 1358 387 quibus,
1395 346 1437 376 ut

147 389 371 439 jungeretur
392 389 535 426 Palatio
555 390 802 436 Aventinum,
836 391 881 426 ad
904 391 1063 427 Mureiae
1083 392 1178 427 datae
1198 391 1318 427 sedes.
1375 391 1438 428 Ja-

152 441 324 478 niculum
344 455 491 490 quoque
512 442 702 491 adjectum
720 455 730 485 3
769 455 844 479 non
866 443 994 491 inopia
1013 443 1099 490 loci,
1133 444 1198 479 sed
1219 456 1266 479 ne
1286 444 1437 491 quando

150 506 198 530 ea
229 507 295 530 arx
328 494 489 531 hostium
520 502 630 531 esset.
688 494 732 531 Id
763 508 838 532 non
859 508 964 531 muro
994 495 1128 539 solum,
1157 495 1221 532 sed
1243 495 1369 539 etiam,
1389 496 1437 532 ob
1466 499 1483 525 5

151 546 457 583 commoditatem
488 547 645 590 itineris,
665 554 778 595 ponte
809 547 979 593 sublicio,
1015 555 1091 584 tum
1122 547 1289 596 primum
1310 548 1346 584 in
1368 547 1437 584 Ti-

151 598 231 635 beri
252 599 364 641 facto,
386 598 566 648 conjungi
587 599 670 635 urbi
690 599 843 648 placuit.
906 600 1119 643 Qniritium
1138 612 1285 648 quoque
1307 598 1435 649 fossa,

150 651 252 687 haud
272 663 426 699 parvum
460 651 737 687 munimentum
772 665 793 687 a
822 652 1053 700 planioribus
1083 653 1187 688 aditu
1208 652 1311 698 locis,
1333 652 1436 689 Anci

151 703 250 752 regis
270 716 364 751 opus
383 710 450 739 est.
509 703 661 752 Ingenti
692 704 927 740 incremento
959 705 1071 741 rebus
1091 705 1223 749 auctis,
1253 717 1367 752 quum
1397 705 1436 741 in

150 755 255 791 tanta
276 755 517 791 multitudine
539 755 747 800 hominum,
782 756 1002 792 discrimine
1036 758 1137 792 recte
1172 769 1219 792 an
1240 769 1436 805 perperam
1452 760 1482 784 1⁰

151 806 240 843 sacti
270 807 440 849 confuso,
472 807 639 843 facinora
671 807 909 843 clandestina
941 807 1087 851 fierent,
1125 820 1256 844 carcer
1289 809 1335 844 ad
1365 816 1438 845 ter·

150 871 272 895 rorem
311 859 562 896 increscentis
599 859 768 895 audaciae
812 860 939 896 media
977 860 1082 907 urbe,
1112 860 1315 896 imminens
1344 860 1436 907 foro,

152 911 373 947 aedificatur.
430 911 517 948 Nec
550 911 639 948 urbs
669 910 813 948 tantum
848 912 920 949 hoc
949 925 1039 961 rege
1068 912 1198 955 crevit,
1228 913 1293 949 sed
1323 913 1434 949 etiam

149 975 239 1012 ager
259 963 439 1012 finesque.
497 963 599 1000 Silva
619 963 754 1000 Maesia
773 964 999 1013 Vejentibus
1019 965 1194 1013 adempta
1211 977 1219 1009 3
1250 977 1368 1013 usque
1389 965 1436 1002 ad

149 1028 252 1052 mare
273 1016 471 1064 imperium
491 1016 676 1065 prolatum
693 1029 701 1061 ;
731 1023 768 1052 et
787 1016 825 1052 in
854 1029 918 1053 ore
939 1017 1092 1053 Tiberis
1112 1016 1221 1053 Ostia
1241 1017 1329 1053 urbs
1349 1030 1437 1054 con·
1451 1019 1482 1045 15

149 1068 253 1104 dita:
301 1068 430 1104 salinae
463 1067 568 1105 circa
598 1068 718 1113 factae,
756 1069 984 1118 egregieque
1027 1069 1140 1106 rebus
1181 1069 1280 1106 bello
1307 1070 1434 1119 gestis,

150 1120 241 1157 oedis
259 1120 364 1158 Jovis
384 1120 544 1158 Feretrii
564 1120 803 1170 amplificata.

202 1225 396 1264 XXXIV.
427 1227 539 1265 Anco
557 1234 754 1287 regnante,
775 1227 959 1276 Lucumo,
980 1228 1035 1267 vir
1053 1228 1212 1294 impiger
1232 1241 1277 1267 ac
1297 1228 1482 1280 divitiis‘g·

151 1287 298 1338 potens,
319 1279 485 1317 Romam
504 1281 781 1330 commigravit,
801 1282 981 1330 cupidine
1000 1283 1162 1319 maxime
1183 1295 1228 1319 ac
1248 1295 1312 1332 spe
1333 1295 1474 1332 mag—,o

149 1330 189 1368 ni
210 1331 374 1379 honoris,
405 1331 514 1383 cujus
543 1331 779 1381 adipiscendi
812 1334 1033 1383 Tarquiniis
1063 1334 1170 1386 (nam
1207 1335 1259 1371 ibi
1289 1346 1481 1384 quoque
1456 1339 1481 1370 :5

148 1385 350 1437 peregrina
366 1386 480 1437 stirpe
500 1385 682 1426 oriundus
702 1387 799 1439 erat)
835 1386 993 1425 facultas
1012 1400 1089 1425 non
1110 1388 1242 1425 fuerat.
1298 1387 1464 1425 Dama-

149 1440 219 1477 rati
240 1440 430 1478 Corinthii
453 1441 551 1478 filius
570 1448 650 1478 erat
667 1454 676 1486 3
720 1441 797 1489 qui,
816 1441 865 1478 ob
885 1440 1090 1477 seditiones
1109 1441 1220 1477 domo
1240 1440 1432 1489 profugus,
1455 1432 1474 1487 ζ

149 1505 264 1540 quum
294 1493 515 1541 Tarquiniis
547 1493 641 1530 forte
671 1493 916 1538 consedisset,
954 1505 1069 1529 uxore
1098 1493 1150 1529 ibi
1179 1492 1309 1535 ducta,
1340 1493 1434 1529 duos
1455 1510 1480 1542 3

149 1545 245 1581 filios
274 1546 417 1594 genuit.
487 1545 657 1582 Nomina
689 1545 748 1581 his
776 1545 949 1581 Lucumo
978 1552 1089 1593 atque
1121 1545 1250 1581 Aruns
1270 1544 1481 1581 fuerunt.52

151 1596 324 1634 Lucumo
344 1597 528 1646 superfuit
559 1597 668 1646 patri,
699 1597 883 1634 bonorum
913 1597 1083 1634 omnium
1104 1597 1248 1633 haeres:
1307 1597 1480 1633 Aruns25

150 1649 262 1697 prior,
283 1651 399 1698 quam
419 1657 536 1698 pater,
557 1649 725 1692 moritur,
746 1662 861 1686 uxore
890 1649 1043 1698 gravida
1063 1649 1207 1686 relicta.
1263 1648 1350 1685 Nec
1370 1649 1435 1685 diu

151 1709 280 1738 manet
300 1709 489 1750 superstes
509 1702 585 1738 filio
603 1709 734 1750 pater:
763 1702 826 1750 qui
845 1714 974 1750 quum,
995 1702 1173 1750 ignorans
1193 1714 1328 1738 nurum
1349 1714 1436 1737 ven-

149 1760 244 1790 trem
281 1753 389 1800 ferre,
411 1754 608 1791 immemor
629 1754 667 1790 in
688 1754 860 1791 testando
879 1754 1027 1802 nepotis
1046 1753 1284 1796 decessisset,
1306 1766 1433 1815 puero,

150 1813 231 1854 post
251 1806 308 1843 avi
328 1813 486 1843 mortem
509 1807 546 1842 in
567 1806 708 1843 nullam
743 1813 878 1843 sortem
910 1806 1094 1843 bonorum
1113 1813 1214 1864 nato,
1242 1806 1316 1842 ab
1309 1806 1436 1854 inopia

150 1857 290 1906 Egerio
310 1858 471 1895 inditum
493 1871 643 1895 nomen.
701 1859 915 1895 Lucumoni
936 1859 1078 1904 contra,
1104 1858 1273 1895 omnium
1294 1858 1433 1894 haeredi
1447 1868 1480 1893 3ο

149 1910 347 1953 bonorum,
367 1923 482 1958 quum
503 1911 641 1947 divitiae
664 1911 741 1959 jam
762 1911 908 1947 animos
928 1889 1109 1953 facerent,
1130 1910 1233 1946 auxit
1252 1910 1367 1946 ducta
1395 1910 1433 1946 in

151 1962 433 1999 matrimonium
472 1962 676 2011 Tanaquil,
715 1975 863 1999 summo
901 1963 985 1999 loco
1023 1970 1124 2009 nata,
1155 1969 1193 1998 et
1220 1975 1303 2010 quae
1333 1962 1434 1999 haud

150 2014 289 2051 facile
282 2015 339 2058 iis,
361 2014 399 2051 in
419 2015 555 2063 quibus
574 2022 663 2051 nata
687 2023 780 2058 erat,
812 2014 1012 2051 humiliora
1041 2015 1182 2051 sineret
1200 2027 1256 2059 ea,
1278 2027 1360 2063 quae
1380 2015 1435 2051 in-

150 2067 350 2116 nupsisset.
408 2067 685 2116 Spernentibus
704 2067 876 2104 Etruscis
911 2067 1187 2113 Lucumonem,
1221 2067 1350 2103 exsule
1370 2067 1435 2103 ad-

150 2120 245 2156 vena
264 2127 399 2165 ortum,
435 2120 530 2156 ferre
571 2120 834 2169 indignitatem
865 2132 939 2156 non
969 2119 1113 2167 potuit;
1159 2119 1348 2167 oblitaque
1378 2119 1479 2156 ἰπὶ-35

149 2172 288 2220 genitae
318 2185 409 2221 erga
440 2172 600 2220 patriam
628 2172 807 2218 caritatis,
828 2171 1032 2215 dummfflo
1061 2172 1179 2208 virum
1210 2171 1434 2208 honoratum

150 2224 306 2267 videret,
327 2224 527 2260 consilium
548 2225 734 2273 migrandi
757 2224 803 2260 ab
823 2223 1043 2271 Tarquiniis
1062 2224 1174 2272 cepit.
1232 2224 1358 2260 Roma
1378 2232 1435 2261 est

150 2277 198 2312 ad
218 2276 255 2312 id
275 2275 508 2325 potissimum
528 2276 628 2312 visa:
659 2276 697 2313 in
718 2288 812 2313 novo
831 2276 978 2324 populO,
1011 2276 1074 2312 ubi
1094 2276 1217 2312 omnis
1236 2277 1434 2325 repentina

151 2335 262 2377 atque
282 2341 329 2365 ex
349 2329 483 2365 virtute
504 2328 679 2364 nobilitas
698 2329 757 2371 sit,
780 2328 946 2364 futurum
966 2327 1090 2364 locum
1113 2328 1196 2364 sorti
1217 2341 1261 2365 ac
1281 2336 1434 2365 strenuo

152 2380 251 2418 viro:
297 2393 477 2429 regnasse
511 2380 666 2416 Tatium
702 2380 909 2417 Sabinum.
956 2381 1177 2417 arcessitum
1210 2381 1247 2417 in
1274 2393 1431 2429 regnum
1446 2396 1479 2421 40

151 2432 319 2470 Numam
349 2446 370 2469 a
390 2433 576 2469 Curibus:
615 2440 652 2469 et
672 2433 825 2469 Ancum
848 2432 991 2468 Sabina
1020 2440 1138 2469 matre
1165 2441 1301 2475 ortum,
1315 2415 1435 2469 0nobi-

151 2485 299 2533 lemque
338 2486 413 2522 una
450 2484 614 2535 imagine
652 2484 790 2522 Numae
827 2497 921 2521 esse.
992 2485 1121 2522 Facile
1151 2485 1363 2534 persuadet,
1394 2491 1435 2521 ut
