1617 2765
553 181 689 212 LIBER
713 181 807 213 XXI.
836 191 917 212 CAP.
934 192 988 212 xL.
1369 186 1442 224 183

164 276 245 327 jugi
264 278 358 329 ejus,
377 277 516 315 norunt
535 288 673 312 nomen
694 276 877 321 inditum3
907 276 972 312 sed
993 276 1040 312 ab
1059 289 1116 319 eo,
1137 289 1262 325 quem,
1285 277 1321 314 in
1342 291 1442 334 sum-

168 342 228 367 mo
245 338 430 368 sacratum
451 328 603 372 vertice,
625 328 810 365 Peninum
831 328 999 365 montani
1020 329 1220 377 appellant.

219 433 414 471 XXXIX.
462 431 742 481 Peropportune
771 432 817 468 ad
857 432 1043 481 principia
1080 444 1215 478 rerum,
1245 432 1438 479 Taurinis,

166 486 342 534 proximae
361 485 477 534 genti,
498 485 675 520 adversus
696 484 874 521 Insubres
894 492 1035 521 motum
1067 485 1203 521 bellurn
1223 492 1302 522 erat
1320 498 1327 522 ε
1374 489 1438 524 sed

137 550 310 579 5armare
337 537 543 574 exercitum
575 536 778 581 Hannibal,
813 543 853 573 ut
882 537 975 585 parti
1017 537 1122 573 alteri
1159 537 1298 574 auxilio
1327 546 1437 582 esset,

168 589 224 637 (in
245 589 448 626 reficiendo
465 588 624 625 maxime
645 588 868 624 sentientem
898 596 1092 625 contracta
1111 589 1196 625 ante*
1218 590 1332 640 mala)
1362 603 1437 627 non

164 649 333 688 poterat:
361 641 478 678 otium
498 640 637 677 etenim
658 652 704 676 ex
723 640 861 683 labore,
883 641 990 688 copia
1009 654 1055 677 ex
1083 641 1222 689 inopia,
1243 642 1367 678 cultus
1393 655 1438 679 ex

164 692 289 729 illuvie
310 693 482 741 tabeque,
502 692 670 741 squalida
697 699 735 728 et
753 694 865 741 prope
885 692 1038 729 efferata
1057 705 1211 741 corpora
1243 694 1341 730 vari&
1363 707 1439 731 mo·

164 745 311 783 vebant.
366 745 423 782 Ea
444 745 483 781 P.
503 744 680 781 Cornelio
699 744 845 780 consuli
875 757 989 781 causa
1015 745 1096 792 fuit,
1115 758 1228 793 quum
1250 745 1354 782 Pisas
1373 759 1438 783 na-

121 813 151 837 10
165 797 271 833 vibus
290 797 466 844 venisset,
485 796 653 833 exercitu
682 809 703 832 a
733 796 878 833 Manlio
908 797 1096 845 Atilioque
1120 805 1276 846 accepto
1302 798 1436 846 tirone,

164 856 201 884 et
220 849 256 885 in
279 849 382 885 novis
403 848 619 898 ignominiis
634 848 791 896 trepido,
813 849 858 884 ad
880 848 1023 885 Padum
1045 849 1267 894 festinandi;
1288 858 1328 887 ut
1348 863 1435 888 cum

164 900 269 936 hoste
297 902 463 937 nondum
483 900 623 936 refecto
651 913 804 936 manum
833 908 1058 938 consereret.
1116 902 1191 937 Sed
1221 914 1336 949 quum
1356 903 1437 939 Pla-

163 952 327 988 centiam
358 952 489 989 consul
517 952 631 994 venit,
657 952 734 1000 jam
762 964 809 988 ex
838 952 980 988 stativis
1011 960 1175 989 moverat
1212 954 1434 999 Hannibal3

163 1003 492 1052 Taurinorumque
513 1015 624 1039 unam
646 1004 789 1046 urbem,
819 1012 932 1052 caput
950 1005 1075 1052 gentis
1093 1004 1186 1052 ejus,
1207 1006 1294 1053 quia
1313 1006 1437 1042 volen-

120 1073 150 1098 15
162 1055 209 1092 tis
229 1055 266 1091 in
287 1056 491 1092 amicitiam
511 1068 584 1092 non
606 1055 817 1101 veniebant,
839 1056 872 1091 vi
893 1058 1148 1105 expugnarat:
1174 1056 1435 1106 junxissetque

163 1107 247 1154 sibi,
276 1120 351 1144 non
381 1114 483 1145 metu
504 1107 634 1153 solnm,
668 1107 734 1143 sed
766 1108 879 1144 etiam
900 1109 1100 1153 voluntate,
1130 1108 1257 1145 Gallos
1286 1111 1434 1146 accolas

163 1159 283 1204 Padi3
313 1160 352 1196 ni
372 1163 449 1206 eos,
478 1160 839 1208 circumspectantes
870 1160 1093 1196 defectionis
1123 1167 1281 1209 tempus,
1311 1162 1434 1199 subito

164 1211 345 1248 adventus
364 1211 529 1248 consulis
547 1211 802 1259 oppressisset.
859 1212 909 1248 Et
926 1212 1118 1248 Hannibal
1139 1213 1253 1249 movit
1268 1226 1314 1249 ex
1333 1214 1435 1250 Tau-

163 1263 265 1308 rinis,
288 1263 462 1306 incertos,
483 1276 564 1312 quae
583 1275 668 1311 pars
697 1264 890 1312 sequenda
921 1271 1030 1309 esset,
1064 1264 1191 1300 Gallos
1210 1272 1432 1313 praesentem

117 1332 149 1356 20
163 1327 202 1350 se
222 1322 416 1352 secuturos
436 1323 548 1352 ratus.
605 1315 690 1351 Jam
719 1317 831 1364 propt}
861 1316 899 1352 in
920 1322 1126 1364 conspectu
1158 1323 1265 1353 erant
1293 1318 1435 1354 exerci-

162 1372 234 1414 tus,
254 1374 580 1415 convenerantque
601 1368 730 1410 duceS‚
751 1368 863 1404 sicuti
882 1367 978 1404 inter
994 1380 1033 1404 se
1047 1368 1212 1404 nondum
1234 1369 1323 1405 satis
1342 1370 1433 1412 noti,

161 1418 212 1454 ita
227 1419 303 1467 jam
325 1419 489 1456 imbutus
509 1426 664 1467 uterque
683 1420 845 1477 quadam
866 1420 1111 1456 admiratione
1131 1420 1294 1458 alterius.
1333 1421 1434 1458 Nam

160 1469 386 1507 Hannibalis
405 1478 442 1507 et
461 1471 559 1519 apud
580 1471 788 1514 Romanos,
819 1472 895 1520 jam
915 1481 1001 1508 ante
1032 1472 1192 1519 Sagunti
1212 1473 1434 1520 exscidium,

159 1522 445 1559 celeberrimum
474 1535 612 1559 nomen
631 1529 733 1559 erat·
770 1530 807 1559 et
827 1523 1044 1584 Scipionem
1067 1523 1259 1560 Hannibal
1279 1537 1324 1561 eo
1344 1525 1433 1573 ipso,

115 1572 257 1621 25quod
286 1575 463 1611 adversus
490 1587 530 1611 se
559 1575 637 1611 dux
657 1574 892 1623 potissimum
913 1575 1034 1611 lectus
1052 1588 1093 1611 es
1096 1582 1164 1621 set,
1198 1583 1435 1624 praestantem

162 1625 280 1662 virum
309 1627 511 1663 credebat:
558 1634 596 1663 et
624 1634 807 1663 auxerant
836 1627 932 1663 inter
961 1639 1001 1663 se
1033 1627 1262 1675 opinionem,
1293 1628 1434 1677 Scipio,

160 1676 272 1724 quod,
292 1678 445 1714 relictus
474 1678 511 1714 in
532 1678 667 1721 Gallia,
687 1679 818 1715 obvius
839 1679 986 1714 fuerat
979 1692 1016 1714 in
1037 1679 1184 1715 Italiam
1204 1687 1436 1728 transgresso

162 1728 397 1766 Hannibali·
388 1758 398 1774 ,
429 1730 634 1772 Hannibal,
665 1737 703 1766 et
722 1737 859 1766 conatu
879 1738 954 1766 tam
975 1730 1110 1766 audaci
1130 1730 1436 1778 trajiciendarum

160 1780 329 1828 Alpium,
349 1788 388 1818 et
406 1782 555 1818 effectu.
612 1782 825 1830 Occupavit
843 1789 969 1818 tamen
1005 1782 1133 1830 Scipio
1163 1782 1308 1819 Padum
1333 1783 1434 1831 traji-

114 1852 146 1877 :³0
160 1844 268 1877 cere3
298 1841 347 1877 et,
369 1834 416 1870 ad
436 1834 619 1870 Ticinum
640 1846 789 1870 amnem
811 1834 920 1870 motis
940 1834 1085 1879 castris,
1100 1833 1325 1882 priusquam
1346 1836 1437 1871 edu-

158 1892 262 1921 ceret
282 1885 318 1922 in
338 1885 473 1931 aciem,
493 1885 809 1922 adhortandorum
832 1886 992 1922 militum
1023 1885 1151 1929 causa,
1172 1886 1284 1922 talem
1304 1887 1438 1924 oratio-

157 1949 246 1974 nem
264 1949 418 1974 exorsus
437 1944 493 1974 est
508 1950 518 1973 ι

210 2041 296 2078 XL.
343 2046 368 2066 “
382 2042 423 2079 Si
451 2055 538 2079 eum
567 2042 788 2088 exercitum,
820 2042 972 2088 milites,
1001 2043 1203 2079 educerem
1234 2043 1272 2080 in
1302 2043 1435 2089 aciem,

158 2097 307 2142 “quem
336 2094 374 2131 in
404 2095 529 2132 Gallia
557 2108 706 2131 mecum
738 2095 864 2138 habui,
895 2095 1190 2143 supersedissem
1210 2096 1308 2143 loqui
1338 2096 1436 2144 apud

112 2149 286 2194 35‘4v0s:
332 2147 422 2195 quid
455 2147 557 2183 enim
588 2148 775 2184 adhortari
813 2147 968 2184 referret
1005 2154 1068 2183 aut
1096 2160 1161 2184 eos
1189 2149 1346 2196 equites,
1375 2148 1436 2196 qui

160 2198 401 2246 “equitatum
423 2199 582 2236 hostium
603 2200 649 2236 ad
671 2200 901 2236 Rhodanum
920 2198 1059 2235 flumen
1075 2199 1228 2249 egregie
1246 2200 1436 2243 vicissent,

159 2253 261 2286 “aut
279 2262 343 2286 eas
362 2250 543 2299 legiones,
564 2264 651 2288 cum
681 2252 815 2300 quibus
836 2251 1043 2301 fugientem
1074 2253 1176 2288 hunc
1206 2252 1327 2300 ipsum
1357 2253 1440 2288 hos-

159 2306 272 2338 “tem
301 2309 467 2345 secutus,
493 2303 768 2341 confessionem
789 2303 962 2340 cedentis
991 2316 1036 2340 ac
1055 2305 1301 2342 detrectantis
1320 2312 1437 2341 certa-

160 2357 184 2377 “
199 2366 283 2390 men
306 2367 371 2403 pro
390 2354 543 2391 victoria
563 2356 702 2392 habui?
757 2356 888 2403 Nunc,
920 2356 1007 2404 quia
1040 2357 1101 2393 ille
1127 2357 1329 2402 exercitus,
1350 2357 1434 2392 His-

115 2406 319 2454 40“paniae
348 2406 549 2455 provinciae
586 2408 760 2456 scriptus,
798 2409 849 2445 ibi
889 2421 977 2445 cum
1017 2408 1128 2445 fratre
1158 2409 1229 2446 Cn.
1259 2408 1436 2455 Scipione

159 2458 292 2495 “meis
311 2458 488 2507 auspiciis
506 2472 583 2496 rem
603 2460 712 2508 gerit,
732 2461 795 2497 ubi
815 2473 901 2496 eum
922 2473 1052 2509 gerere
1082 2469 1234 2497 senatus
1264 2459 1435 2508 populus-
