1617 2765
554 216 691 249 LIBER
716 215 740 246 1.
769 224 1026 246 CAP.xxxv111.
1369 214 1420 252 37

137 322 262 355 tantus
280 317 398 354 honos
417 312 591 356 accessit,
612 319 652 349 ut
681 311 773 348 nihil
797 310 883 346 belli
903 309 1078 358 domique
1098 315 1241 358 postea,
1263 309 1334 345 nisi
1356 323 1421 346 au-

135 369 291 419 spicato,
311 373 526 417 gereretur,
557 365 720 401 concilia
738 364 877 413 populi,
908 363 1098 398 exercitus
1119 362 1251 406 vocati,
1274 374 1422 398 summa

135 434 272 466 rerum,
312 419 376 457 ubi
419 430 506 454 aves
535 430 610 454 non
641 416 894 458 admisissent,
924 415 1202 450 dirimerentur.
1284 414 1420 462 Neque

134 481 213 511 tum
243 471 477 520 Tarquinius
505 470 552 506 de
581 469 750 518 equitum
789 467 971 504 centuriis
1009 467 1213 524 quidquam
1243 467 1419 503 mutavit:

105 535 121 560 ⁵
135 538 292 563 numero
312 525 470 561 alterum
491 529 638 559 tantum
659 521 807 570 adjecit,
829 527 870 557 ut
889 520 990 556 mille
1023 527 1061 556 et
1088 518 1297 567 octingenti
1318 519 1421 566 equi-

134 585 190 615 tes
210 578 248 614 in
268 577 387 614 tribus
406 575 588 612 centuriis
607 581 745 611 essent.
801 573 1040 609 Posteriores
1060 570 1171 608 mod&
1198 571 1267 607 sub
1287 570 1421 608 iisdem

133 630 363 672 nominibus,
383 628 446 677 qui
467 627 584 664 additi
604 634 724 669 erant,
746 625 921 674 appellati
942 631 1055 661 sunt:
1084 636 1177 673 quas
1197 636 1314 667 nunc,
1335 623 1423 672 quia

134 682 335 732 geminatae
356 688 456 728 sunt,
477 692 543 717 sex
562 686 699 717 vocant
718 678 921 715 centurias.

186 786 403 824 XXXVII.
444 785 531 822 Hac
559 792 663 834 parte
693 784 886 833 copiarum
916 782 1041 826 aucta,
1072 782 1208 819 iterum
1238 794 1326 818 cum
1357 782 1424 818 Sa-

94 852 122 878 to
136 840 234 876 binis
271 839 499 888 confligitur.
556 838 644 883 Sed,
683 844 930 885 praeterquam
959 835 1057 884 quod
1087 835 1227 872 viribus
1256 842 1425 871 creverat

137 893 339 929 Romanus
358 891 561 949 exercitUS‚
583 903 629 926 ex
650 890 801 926 occulto
820 889 933 925 etiam
954 889 1104 924 additur
1133 888 1252 932 dolus,
1283 887 1423 930 missis,

134 945 198 992 qui
231 957 408 993 magnam
441 943 514 979 vim
544 943 745 991 lignorum,
776 942 814 977 in
845 941 1008 977 Anienis
1037 941 1117 988 ripa
1143 940 1349 988 jacentem,
1370 952 1425 976 ar-

135 997 287 1033 dentem
293 975 356 1032 ²:in
386 995 527 1032 flumen
556 994 817 1043 conjicerent:
863 1000 1047 1040 ventoque
1074 993 1230 1041 juvante
1260 1004 1426 1028 accensa

134 1048 250 1097 ligna,
271 1055 309 1084 et
327 1047 547 1096 pleraque,
539 1060 576 1083 ln
604 1046 746 1082 ratibus
780 1045 957 1094 impacta,
979 1044 1135 1081 sublicis
1164 1057 1279 1092 quum
1309 1044 1426 1080 haere-

93 1114 122 1139 15
135 1108 230 1147 rent,
251 1108 402 1150 pontem
425 1100 648 1136 incendunt.
705 1098 762 1134 Ea
782 1111 928 1146 quoque
958 1110 1017 1134 res
1037 1097 1073 1133 in
1095 1109 1225 1145 pugna
1244 1103 1424 1133 terrorem

135 1153 258 1190 attulit
287 1152 452 1189 Sabinis.
509 1151 650 1188 Effusis
682 1152 815 1187 eadem
847 1151 975 1199 fugam
1004 1149 1201 1198 impediit3
1243 1149 1424 1198 multique

135 1206 323 1249 mortales,
345 1218 459 1253 quum
481 1205 625 1241 hostem
648 1204 884 1252 effugissent,
914 1203 951 1239 in
974 1202 1159 1239 flumine
1152 1215 1231 1250 ipso
1250 1201 1424 1262 periere:

134 1271 292 1306 quorum
312 1257 498 1294 fluitantia
518 1269 632 1302 arma,
664 1257 709 1292 ad
744 1256 883 1292 Urbem
905 1256 1058 1304 cognita
1078 1255 1115 1291 in
1146 1254 1293 1297 Tiberi,
1324 1254 1425 1303 prius

134 1323 256 1359 paene,
285 1323 397 1359 quam
435 1309 601 1346 nuntiari
639 1315 777 1357 posset,
817 1308 1008 1357 insignem
1048 1307 1241 1343 victoriam
1286 1306 1424 1344 fecere.

91 1375 123 1400 20
137 1362 193 1399 Eo
212 1363 345 1421 proelio
361 1362 552 1411 praecipua
580 1361 748 1419 equitum
779 1339 1021 1409 gloria⁵f11itz
1062 1360 1249 1408 utrimque
1279 1360 1325 1395 ab
1345 1372 1426 1396 cor-

136 1415 249 1451 nibus
268 1415 420 1473 positos,
441 1426 555 1472 quum
582 1414 658 1463 jam
688 1413 889 1462 pelleretur
920 1412 1046 1449 media
1074 1412 1243 1461 peditum
1273 1425 1424 1449 suorum

138 1467 252 1510 acies,
291 1467 342 1503 ita
372 1466 575 1503 incurrisse
612 1466 659 1502 ab
694 1465 874 1502 lateribus
909 1465 1045 1508 ferunt,
1078 1472 1117 1501 ut
1146 1477 1220 1501 non
1250 1465 1426 1501 sisterent

137 1518 247 1556 modo
274 1519 435 1555 Sabinas
463 1518 645 1567 legiones,
676 1518 849 1554 ferociter
879 1518 1062 1554 instantes
1090 1517 1328 1559 cedentibus,
1359 1517 1425 1553 sed

137 1569 260 1608 subito
291 1571 330 1608 in
364 1571 505 1620 fugam?
523 1577 745 1607 averterent.
819 1569 973 1606 Montes
1002 1570 1121 1606 effuso
1149 1582 1263 1605 cursu
1293 1569 1425 1606 Sabini

91 1624 327 1673 25petebant‚
348 1630 386 1659 et
416 1623 529 1671 pauci
558 1625 735 1667 tenuere;
784 1623 948 1658 maxima
967 1635 1066 1671 parS,
1095 1629 1136 1658 ut
1165 1622 1250 1658 ann}
1281 1622 1426 1658 dictum

137 1683 206 1722 est,
226 1676 273 1712 ab
291 1675 480 1734 equitibus
508 1675 547 1712 in
577 1675 718 1711 flumen
749 1675 824 1711 acti
853 1683 952 1712 sunt.
1010 1674 1257 1722 Tarquinius,
1285 1676 1427 1711 instan-

138 1729 226 1765 dum
256 1728 461 1777 perterritis
489 1735 604 1771 ratus,
648 1728 775 1776 praeda
814 1728 1046 1776 captivisque
1090 1727 1255 1764 Romam
1285 1728 1423 1771 missis,

137 1780 264 1830 spoliis
284 1781 446 1817 hostium
467 1779 612 1830 (votum
633 1780 669 1816 id
692 1780 867 1816 Vulcano
885 1780 1015 1830 erat)i
1006 1779 1152 1828 ingenti
1183 1779 1335 1816 cumulo
1365 1793 1427 1816 ac·

138 1833 274 1879 censis,
295 1833 417 1882 pergit
436 1846 544 1881 porro
564 1833 633 1869 in
624 1845 755 1881 agrurn
777 1832 962 1868 Sabinum
986 1832 1194 1868 exercitum
1218 1832 1426 1868 inducerze

93 1898 125 1924 30
138 1892 187 1929 et,
207 1898 434 1934 quamquam
455 1885 551 1921 male
571 1893 679 1934 gesta
698 1897 757 1921 res
785 1892 876 1928 erat,
898 1897 970 1921 nec
990 1894 1162 1934 gesturos
1183 1885 1322 1920 melias
1344 1898 1427 1933 spe-

137 1951 219 1975 rare
239 1945 436 1987 poterant3
467 1944 607 1981 tamen,
638 1937 725 1986 quia
754 1937 978 1974 consulendi
1009 1950 1068 1973 res
1097 1950 1172 1973 non
1203 1937 1316 1974 dabat
1345 1950 1426 1986 spa-

137 1990 245 2034 tium,
275 1990 352 2027 iere
371 1989 522 2027 obviarn
544 1990 676 2026 Sabini
705 1989 950 2026 tumultuario
971 1990 1112 2034 milite3
1142 1990 1354 2038 iterumque
1377 1990 1427 2026 ibi

138 2042 224 2090 fusi,
242 2043 399 2092 perditis
414 2042 492 2093 jam
512 2041 625 2092 propt}
646 2042 770 2086 rebus,
791 2055 924 2092 pacem
945 2043 1099 2091 petiere.

190 2147 428 2185 XXXVIII.
476 2147 650 2192 Collatia,
688 2154 726 2184 et
753 2147 933 2196 quidquid
976 2147 1080 2184 circa
1119 2147 1318 2184 Collatiam
1349 2148 1428 2197 agri

95 2206 231 2246 35erat,
261 2200 414 2238 Sabinis
442 2200 671 2249 ademptum.
746 2200 909 2249 Egerius
953 2199 1095 2249 (fratris
1129 2200 1192 2237 hic
1222 2200 1320 2237 filius
1348 2209 1430 2237 erat

140 2251 257 2302 regis)
288 2253 457 2290 Collatiae
477 2253 516 2290 in
536 2253 711 2302 praesidio
739 2253 919 2290 relictus:
966 2253 1188 2302 deditosque
1219 2253 1429 2290 Collatinos

126 2303 193 2340 'ita
212 2304 370 2353 accipio,
403 2318 562 2354 eamque
596 2306 799 2343 deditionis
833 2306 1029 2342 formulam
1056 2318 1150 2342 esse.
1207 2306 1295 2342 Rex
1315 2306 1430 2342 inter-

141 2356 307 2404 rogavit:
372 2357 564 2395 “Estisne
584 2371 649 2395 vos
677 2358 792 2408 legati
821 2365 1078 2407 oratoresque,
1110 2358 1213 2395 missi
1243 2371 1264 2394 a
1294 2358 1429 2407 populo

142 2409 165 2430 “
183 2408 385 2453 Collatino,
432 2417 474 2447 ut
508 2423 572 2448 vos
613 2412 867 2460 populumque
907 2411 1139 2448 Collatinum
1174 2411 1427 2448 dederetis?''

99 2462 167 2497 40“
185 2461 362 2498 Sumus.’'
420 2463 443 2484 “
461 2462 579 2499 Estne
598 2464 758 2512 populus
779 2464 991 2500 Collatinus
1020 2464 1058 2500 in
1088 2465 1157 2502 sua
1177 2470 1357 2513 potestate
1374 2461 1422 2498 2²¹

143 2513 291 2551 ((Εεῑ.η
347 2515 371 2537 “
389 2514 588 2552 Deditisne
617 2528 693 2560 vos,
723 2516 977 2566 populumque
1007 2517 1252 2559 Collatinum,
1284 2515 1426 2560 urbem,
