1617 2765
131 181 209 219 251
654 183 743 214 T1T1
767 182 877 214 Lrvn

134 275 298 313 “Vultis
317 276 388 313 hoc
409 283 598 313 certarnen
620 278 798 314 uxoribus
818 277 949 314 vestris
969 277 1136 327 injicere,
1160 278 1344 323 Quirites,
1366 288 1405 317 ut

133 327 307 364 “divites
328 328 363 364 id
384 329 520 365 habere
542 329 666 374 velint,
695 330 792 378 quod
823 330 925 366 nulla
954 330 1025 366 alia
1043 332 1181 379 possit;
1211 344 1404 380 pauperes,

133 380 223 415 “ne
250 380 299 417 ob
328 380 399 417 hoc
429 380 547 428 ipsum
590 388 891 427 contemnantur,
932 394 1043 429 supra
1081 382 1175 419 vires
1213 396 1252 419 se
1280 391 1407 419 exten-

133 432 158 453 “
175 431 295 468 dant'!
369 432 454 477 Nae,
498 432 607 468 simul
646 433 800 481 pudere,
839 433 937 480 quod
979 446 1053 470 non
1091 441 1244 482 oportet,
1284 447 1408 483 coepe-

134 485 157 506 “
174 483 232 530 rit,
273 484 370 532 quod
412 490 567 532 oportet,
607 497 681 520 non
723 485 888 532 pudebit.
959 484 1059 524 Quae
1087 486 1134 521 de
1162 499 1230 523 suo
1259 487 1405 534 poterit,
1435 495 1452 520 5

133 537 158 558 “
174 535 317 583 parabit
337 548 345 571 ε
391 547 473 584 quae
519 547 595 571 non
631 537 776 584 poterit,
823 536 940 572 virum
986 537 1141 586 rogabit.
1224 537 1407 574 Miserum

133 589 157 610 “
175 587 279 623 illum
325 587 457 632 virum,
503 593 540 622 et
583 588 645 635 qui
691 596 876 634 exoratus,
923 596 961 625 et
1005 589 1067 637 qui
1114 602 1188 626 non
1234 596 1408 626 exoratus

133 642 158 662 “
174 638 264 675 erit!
293 651 421 687 quum,
440 638 538 686 quod
569 638 647 687 ipse
667 652 742 675 non
762 640 918 686 dederit,
951 640 1079 677 datum
1100 641 1146 677 ab
1165 640 1237 678 alio
1257 641 1406 677 videbit.

132 690 291 726 “Nunc
312 689 421 738 vulg&
441 690 582 726 alienos
614 690 709 726 viros
737 698 882 738 rogant,
916 698 966 734 et,
995 693 1093 739 quod
1121 693 1240 741 majus
1259 700 1328 739 est,
1357 693 1408 729 le-

132 746 156 767 ‘5
174 754 259 790 gem
279 749 316 778 et
335 741 512 790 suffragia
531 749 676 790 rogant,
709 749 746 778 et
765 755 786 778 a
805 742 1028 790 quibusdam
1049 743 1260 792 impetrant,
1282 745 1409 781 adver·
1422 752 1452 777 10

133 798 237 829 “sus
256 801 304 839 te,
325 800 362 829 et
394 806 472 829 rem
491 800 607 840 tuam,
636 801 673 830 et
693 793 828 830 liberos
856 801 939 830 tuos
972 794 1231 831 inexorabiles.
1288 796 1408 832 Simul

133 849 157 871 ‘⁴
175 844 234 880 lex
254 845 405 881 modum
426 845 634 893 sumptibus
654 846 782 882 uxoris
801 853 875 881 tuae
909 846 1032 882 facere
1061 847 1225 894 desierit,
1245 859 1284 883 tu
1313 860 1409 884 nun-

133 902 157 923 (ί
173 909 285 944 quam
323 897 448 933 facies.
524 896 649 933 Nolite
678 897 810 934 eodem
847 897 930 934 loco
958 898 1182 944 existimare,
1223 898 1407 946 Quirites,

134 955 158 975 ‘⁴
177 948 339 985 futuram
359 962 450 993 rem,
471 961 543 996 quo
564 949 642 993 fuit,
665 956 863 997 antequam
883 949 943 986 lex
963 950 1009 986 de
1030 951 1101 987 hoc
1121 950 1288 987 ferretur.
1346 951 1407 995 Et,

133 1008 157 1028 ‘⁴
177 1001 368 1036 hominem
389 1001 597 1048 improbum
618 1014 692 1036 non
722 1001 904 1043 accusari,
938 1002 1054 1038 tutius
1073 1009 1140 1046 est,
1161 1003 1271 1050 quam
1291 1003 1409 1040 absol·
1423 1010 1451 1034 15

134 1060 158 1080 “
177 1052 210 1088 vi
226 1065 234 1087 z
264 1059 301 1088 et
318 1052 464 1088 luxuria
482 1064 556 1088 non
579 1060 678 1088 mota
697 1053 921 1089 tolerabilior
941 1060 1049 1097 esset,
1066 1054 1177 1102 quam
1194 1054 1264 1090 erit
1291 1067 1406 1100 nunc,

132 1103 264 1151 “ipsis
293 1103 465 1145 vinculis,
506 1104 604 1140 sicut
640 1104 717 1140 fera
753 1104 884 1150 bestia,
914 1105 1066 1150 irritata,
1094 1106 1231 1141 deinde
1259 1106 1407 1142 emissa.

132 1163 156 1185 ‘c
174 1155 256 1203 Ego
277 1155 378 1190 nullo
400 1155 508 1191 modo
528 1155 781 1203 abrogandam
815 1155 938 1203 legem
961 1155 1122 1203 Oppiam
1143 1169 1303 1194 censeo:
1346 1170 1409 1194 vos

132 1216 157 1236 ί(
173 1207 271 1255 quod
292 1206 428 1249 faxitis,
451 1206 551 1243 Deos
570 1219 700 1243 omnes
720 1206 907 1243 fortunare
927 1207 1077 1244 velim.’'

186 1311 233 1348 V.
280 1311 368 1348 Post
387 1311 467 1348 haec
487 1311 626 1349 tribuni
655 1325 799 1361 quoque
828 1312 961 1362 plebei,
991 1312 1052 1361 qui
1081 1327 1120 1350 se
1141 1313 1408 1351 intercessuros
1420 1323 1452 1348 ρο

135 1364 290 1412 professi
311 1371 429 1411 erant,
449 1377 561 1412 quum
582 1377 704 1413 pauca
729 1365 766 1401 in
801 1366 973 1401 eamdem
1007 1366 1231 1402 sententiam
1251 1367 1409 1415 adjecis-

135 1423 242 1460 sent;
285 1422 364 1452 tum
385 1416 427 1452 L.
449 1416 622 1452 Valerius
640 1429 706 1464 pro
725 1416 917 1465 rogatione
947 1417 994 1453 ab
1027 1430 1066 1454 se
1098 1418 1328 1466 promulgata
1357 1418 1409 1454 ita

135 1467 321 1504 disseruit.
378 1472 402 1491 “
420 1468 461 1504 Si
490 1468 621 1516 privati
651 1469 910 1506 tantummodo
939 1470 985 1505 ad
1005 1470 1238 1506 suadendum
1267 1470 1409 1506 dissua-

132 1520 158 1541 “
176 1519 414 1568 dendumque
432 1520 484 1565 id,
504 1521 600 1568 quod
618 1532 639 1556 a
651 1520 759 1556 nobis
771 1528 932 1569 rogatur,
946 1521 1227 1569 processissent,
1240 1533 1310 1570 ego
1322 1533 1409 1568 quo-

133 1572 157 1593 “
172 1583 260 1619 que,
279 1584 393 1619 quum
415 1572 504 1607 satis
515 1572 657 1608 dictum
674 1584 739 1620 pro
755 1574 908 1620 utraque
921 1579 1024 1619 parte
1039 1572 1304 1615 existimarem,
1318 1573 1452 1608 taci-25

131 1624 156 1645 “
173 1629 232 1659 tus
251 1623 428 1672 suffragia
449 1630 568 1659 vestra
586 1626 874 1671 exspectassem.
915 1624 1043 1667 Nunc,
1064 1637 1178 1671 quum
1199 1624 1252 1660 vir
1271 1624 1410 1673 gravis·

131 1676 155 1696 “
172 1675 300 1717 simus,
321 1675 451 1711 consul
473 1674 526 1710 M.
549 1675 717 1721 Porcius,
729 1688 804 1711 non
819 1675 1037 1712 auctoritate
1054 1675 1187 1722 solum,
1199 1688 1281 1724 quae
1296 1676 1410 1712 tacita

131 1729 155 1749 “
172 1726 261 1762 satis
281 1726 462 1763 momenti
482 1727 684 1769 habuisset,
699 1727 764 1763 sed
777 1727 944 1763 oratione
957 1727 1068 1763 etiam
1084 1728 1192 1776 longa
1204 1735 1242 1764 et
1257 1740 1410 1764 accura-

131 1781 157 1802 “
172 1778 211 1814 ta
231 1778 436 1814 insectatus
456 1778 503 1814 sit
522 1779 752 1826 rogationem
784 1786 959 1824 nostram,
986 1792 1185 1816 necessum
1205 1786 1262 1816 est
1279 1779 1410 1828 paucis

131 1832 156 1854 “
173 1830 422 1878 respondere:
451 1831 513 1878 qui
526 1838 653 1866 tamen
673 1830 779 1878 plura
790 1831 903 1867 verba
919 1831 956 1867 in
973 1831 1203 1880 castigandis
1217 1831 1407 1873 matronis,
1421 1839 1453 1864 3ο

131 1885 156 1906 “
172 1881 284 1929 quam
324 1882 360 1917 in
391 1883 583 1930 rogatione
613 1883 739 1918 nostra
768 1883 1030 1927 dissuadenda,
1070 1882 1329 1930 consumpsit;
1372 1890 1408 1918 et

131 1932 323 1981 “quidem
345 1940 384 1969 ut
405 1934 441 1969 in
471 1934 586 1969 dubio
615 1941 781 1980 poneret,
803 1933 923 1969 utrum
954 1934 1003 1977 id,
1033 1934 1131 1981 quod
1161 1934 1410 1981 reprehende-

131 1989 156 2010 “
173 1991 239 2029 ret,
270 1991 449 2021 matronae
477 1986 542 2020 sua
572 1992 716 2032 sponte,
745 1997 791 2020 an
822 1985 929 2020 nobis
959 1985 1186 2027 auctoribus,
1217 1985 1407 2021 fecissent.

130 2041 154 2063 “
172 2036 272 2073 Rern
293 2036 505 2082 defendam,
526 2049 600 2073 non
621 2049 709 2080 nos3
756 2036 793 2072 in
813 2049 905 2084 quos
919 2036 1012 2085 jecit
1041 2036 1158 2085 magis
1178 2037 1248 2073 hoc
1277 2037 1407 2073 consul

130 2095 155 2116 ‘⁴
172 2088 284 2126 verbo
303 2096 426 2135 tenus,
446 2087 556 2136 quam
577 2097 618 2124 ut
637 2100 676 2124 re
704 2088 948 2124 insimularet.
1004 2088 1169 2131 Coetum‚
1203 2096 1240 2125 et
1259 2089 1409 2125 seditio·
1421 2098 1453 2123 35

130 2147 155 2168 (6
172 2152 252 2185 nes,
272 2147 310 2177 et
329 2140 517 2177 interdum
543 2140 794 2177 secessionem
826 2139 1047 2176 muliebrem
1077 2140 1288 2189 appellavit,
1309 2139 1408 2188 quod

131 2199 155 2219 ί(
172 2198 350 2228 matronae
379 2192 417 2228 in
446 2192 598 2240 publico
626 2204 688 2228 vos
708 2192 913 2240 rogassent,
943 2199 984 2228 ut
1003 2192 1139 2241 legem,
1159 2192 1198 2228 in
1225 2205 1266 2229 se
1294 2192 1407 2228 latam

131 2252 156 2272 α
172 2256 237 2292 per
257 2244 395 2280 bellum
417 2244 645 2292 temporibus
664 2243 779 2286 duris,
810 2244 847 2279 in
876 2255 968 2291 pace
987 2251 1025 2280 et
1053 2243 1207 2280 florente
1233 2257 1278 2280 ac
1298 2244 1408 2280 beata

131 2296 367 2344 “republica
403 2295 642 2344 abrogaretis.
701 2295 826 2331 Verba
855 2308 1002 2344 magna,
1030 2308 1113 2344 quae
1142 2296 1196 2332 rei
1224 2296 1408 2345 augendae

131 2356 156 2378 α
172 2349 285 2383 causa
306 2348 585 2395 conquirantur,
605 2354 643 2383 et
662 2348 758 2393 haec,
777 2354 814 2383 et
833 2347 906 2383 alia
923 2360 1005 2383 esse
1025 2348 1126 2384 scio:
1165 2355 1203 2384 et
1223 2347 1276 2384 M.
1297 2347 1453 2384 cato-40

131 2410 156 2430 a
173 2412 260 2436 nem
279 2406 461 2436 oratorem
483 2411 557 2435 non
579 2399 697 2434 solum
717 2411 881 2447 gravem,
912 2400 977 2435 sed
998 2399 1184 2436 interdum
1205 2399 1316 2436 etiam
1336 2406 1409 2435 tru-

132 2462 155 2483 ιι
174 2464 257 2488 cem
288 2464 370 2487 esse
398 2450 538 2487 scimus
567 2463 711 2497 omnes,
740 2463 853 2498 quum
888 2451 1041 2500 ingenio
1066 2452 1112 2488 sit
1141 2452 1251 2488 mitis.
1307 2450 1407 2488 Nam
