1617 2765
179 180 252 218 102
710 187 800 218 T1'r1
823 187 934 218 LIVII

175 274 199 295 “
215 275 262 312 de
281 279 554 325 provocatione,
575 288 613 318 et
632 281 860 327 consulares,
881 290 918 318 et
936 282 1169 327 tribunicias,
1188 296 1233 320 eo
1249 283 1328 332 ipso
1347 298 1446 325 anno

175 327 199 347 “
215 327 319 365 latas.
373 330 502 370 Quem
522 333 624 368 enim
645 340 940 380 provocaturum,
974 334 1004 370 si
1025 335 1096 371 hoc
1129 336 1358 380 indemnato,
1390 339 1446 375 in-

176 379 199 399 “
217 380 319 417 diota
338 384 466 426 causa,
487 396 562 420 non
583 384 723 420 liceat?
768 384 830 420 cui
851 384 996 433 plebejo
1023 393 1061 422 et
1080 387 1210 423 humili
1231 389 1442 435 praesidium

176 431 255 469 “in
284 433 431 482 legibus
464 435 553 482 sore,
592 436 622 472 si
656 438 724 484 Ap.
748 436 908 472 Claudio
937 449 1011 473 non
1032 438 1104 475 sit?
1150 451 1189 474 se
1217 440 1444 478 documento

177 483 201 504 “
219 484 397 528 futurum,
419 487 543 522 utrum
563 487 668 523 novis
688 488 834 535 legibus
862 488 1066 525 dominatio
1087 502 1133 526 an
1153 490 1305 527 libertas
1324 492 1445 529 firma·
1474 498 1490 522 5

174 536 252 572 “ta
270 537 341 581 sit3
371 544 409 573 et
428 539 624 586 appellatio
657 539 940 587 provocatioque
973 541 1150 577 adversus
1175 542 1348 590 injuriam
1370 557 1445 580 ma-

173 588 198 609 “
212 588 435 636 gistratuum
453 597 638 628 ostentata
656 591 799 628 tannim
832 591 1008 629 inanibus
1032 592 1162 637 literis,
1183 606 1230 630 an
1250 594 1337 631 vere
1358 596 1444 632 data

173 640 197 660 “
213 639 297 676 sit.”

224 744 349 782 LVII.
390 747 533 784 Contra
551 760 597 783 ea
624 747 832 795 Virginius,
861 759 978 784 unum
1009 749 1075 796 Ap.
1106 748 1308 786 Claudium
1337 760 1374 787 et
1393 751 1444 788 le-

172 806 261 842 gum
289 806 480 846 expertem
517 806 555 835 et
583 799 702 835 civilis
734 806 772 835 et
800 799 954 835 humani
996 799 1144 836 foederis
1182 813 1277 847 esse,
1308 802 1488 839 aiebat.10

172 848 464 898 “Respicerent
495 850 657 887 tribunal
687 850 870 893 homines,
909 850 1103 887 castellum
1131 852 1299 888 omnium
1328 854 1444 890 scele-

173 899 320 946 “rum;
350 902 414 938 ubi
442 902 631 939 decemvir
659 902 721 938 ille
750 908 964 951 perpetuuS,
985 903 1102 948 bonis,
1132 909 1248 952 tergo,
1269 906 1443 953 sanguini

172 951 197 972 “
213 953 351 989 civium
372 954 540 1000 infestus,
561 955 684 1002 virgas
702 965 926 1000 securesque
954 955 1128 991 omnibus
1158 956 1349 1002 minitans,
1370 957 1445 993 De-

173 1004 197 1024 “
215 1017 320 1041 orum
342 1006 609 1054 hominumque
629 1012 885 1053 contempt0r3
928 1006 1182 1049 carnificibus,
1212 1020 1287 1043 non
1307 1008 1444 1045 lictori-

171 1056 196 1076 “
212 1055 293 1099 bus,
315 1057 482 1105 stipatus,
499 1057 575 1106 jam
596 1070 618 1093 a
636 1057 775 1105 rapinis
795 1064 832 1093 et
851 1057 1018 1093 caedibus
1038 1058 1162 1094 animo
1182 1059 1227 1094 ad
1247 1059 1441 1096 libidinem
1458 1067 1487 1091 15

172 1108 195 1128 “
213 1120 330 1151 verso,
352 1109 535 1157 virginem
555 1110 759 1157 ingenuam
779 1108 817 1144 in
850 1108 968 1145 oculis
998 1110 1123 1157 populi
1143 1110 1322 1156 Romani,
1344 1112 1443 1147 velut

171 1161 194 1180 “
212 1159 308 1196 bello
327 1168 488 1209 captam,
515 1173 537 1196 a
566 1160 762 1208 complexu
793 1160 906 1208 patris
925 1160 1129 1208 abreptam,
1150 1161 1319 1198 ministro
1338 1163 1444 1199 cubi-

171 1212 194 1232 “
211 1211 287 1248 culi
315 1212 373 1248 sui
401 1212 530 1248 clienti
559 1212 656 1248 dono
685 1211 853 1256 dederit3
892 1211 954 1247 ubi
983 1213 1124 1248 crudeli
1145 1213 1297 1249 decreto
1316 1214 1443 1251 nefan-

171 1265 194 1285 “
211 1263 341 1311 disque
360 1263 535 1300 vindiciis
554 1264 745 1299 dexteram
765 1263 879 1310 patris
905 1263 942 1298 in
969 1263 1082 1299 filiam
1103 1265 1321 1308 armaverit3
1365 1266 1441 1313 ubi,

171 1315 383 1352 “tollentes
402 1327 536 1364 corpus
564 1315 785 1351 semianime
805 1314 972 1363 virginis,
993 1328 1171 1363 sponsum
1200 1317 1442 1354 avunculum·
1455 1324 1486 1348 20

171 1370 194 1390 “
211 1380 282 1415 que
302 1368 340 1404 in
368 1380 559 1404 carcerem
580 1366 669 1403 duci
693 1366 866 1415 jusserit3
912 1373 1039 1414 stupro
1057 1367 1290 1415 interpellato
1309 1370 1440 1417 magis,

171 1420 322 1467 “quam
359 1420 477 1462 caede,
514 1425 661 1455 motus:
722 1425 760 1454 et
791 1418 843 1454 illi
872 1430 1061 1454 carcerem
1093 1418 1316 1455 aedificatum
1346 1433 1440 1466 esse,

171 1472 309 1519 “quod
330 1471 562 1507 domicilium
583 1470 701 1519 plebis
729 1470 911 1506 Romanae
940 1482 1072 1506 vocare
1092 1470 1139 1506 sit
1158 1471 1298 1507 solitus.
1355 1472 1442 1508 Pro-

171 1526 195 1546 “
212 1522 313 1566 inde,
334 1529 374 1558 ut
393 1522 453 1558 ille
470 1522 604 1558 iterum
634 1534 679 1558 ac
708 1521 844 1569 saepius
871 1529 1059 1569 provocet,
1079 1522 1133 1557 sic
1153 1535 1192 1558 se
1226 1522 1360 1559 iterum
1395 1536 1440 1560 ac

170 1578 194 1598 “
211 1575 346 1622 saepius
361 1573 529 1622 judicem
550 1573 602 1610 illi
623 1574 732 1616 ferre,
753 1573 792 1608 ni
813 1573 995 1609 vindicias
1015 1573 1061 1608 ab
1080 1573 1250 1609 libertate
1271 1574 1308 1609 in
1329 1574 1440 1611 servi-
1451 1584 1485 1608 25

170 1630 326 1662 “tutem
357 1625 528 1662 dederit:
574 1625 604 1661 si
625 1625 670 1660 ad
700 1625 867 1673 judicem
898 1637 973 1660 non
1007 1632 1079 1671 eat,
1113 1637 1177 1672 pro
1206 1625 1382 1662 damnato
1403 1627 1440 1662 in

171 1683 195 1703 “
212 1678 361 1714 vincula
379 1677 467 1714 duci
484 1677 653 1725 jubere.''
710 1676 760 1713 Ut
780 1676 879 1712 haud
901 1689 1085 1724 quoquam
1118 1677 1365 1725 improbante,
1386 1678 1442 1715 sic

170 1742 307 1778 magno
339 1736 441 1766 motu
478 1729 701 1771 animorum,
730 1740 845 1776 quum
876 1728 968 1764 tanti
998 1728 1064 1764 viri
1093 1728 1277 1777 supplicio
1295 1737 1442 1766 suamet

168 1782 269 1832 plebi
311 1782 388 1830 jam
434 1781 551 1817 nimia
604 1780 755 1817 libertas
812 1779 1010 1823 videretur,
1058 1780 1096 1816 in
1149 1792 1339 1816 carcerem
1385 1788 1442 1817 est

170 1833 389 1882 conjectus:
435 1833 608 1870 tribunus
627 1832 661 1868 ei
682 1832 781 1867 diem
811 1832 983 1879 prodixit.
1040 1832 1143 1868 Inter
1164 1832 1244 1868 haec
1264 1832 1311 1867 ab
1340 1831 1441 1869 Lati·
1453 1839 1485 1863 30

169 1889 228 1925 nis
247 1892 284 1921 et
304 1885 483 1921 Hernicis
515 1884 628 1932 legati
657 1884 882 1932 gratulatum
910 1884 957 1919 de
986 1883 1186 1920 concordia
1215 1883 1365 1919 Patrum
1396 1897 1441 1921 ac

168 1937 288 1988 plebis
308 1936 471 1973 Romam
491 1942 700 1979 venerunt3
744 1935 957 1981 donumque
986 1935 1034 1971 ob
1066 1947 1149 1970 eam
1183 1935 1266 1971 Jovi
1286 1935 1441 1983 Optimo

169 1988 339 2028 Maximo
358 2000 532 2025 coronam
554 1999 705 2023 auream
725 1986 762 2022 in
784 1986 1009 2033 Capitolium
1034 1985 1153 2022 tulere
1173 1987 1273 2034 parvi
1303 1988 1441 2035 ponde-

169 2044 235 2086 ris,
256 2048 363 2088 prout
382 2053 442 2076 res
461 2039 561 2076 haud
580 2039 766 2087 opulentae
787 2044 907 2080 erant,
929 2038 1220 2086 colebanturque
1240 2039 1440 2087 religiones

169 2095 228 2144 pie*
258 2092 377 2141 magis
403 2092 513 2140 quam
548 2090 759 2139 magnifice.
829 2088 967 2125 Iisdem
1002 2090 1216 2126 auctoribus
1246 2091 1438 2138 cognitum
1452 2098 1485 2123 35

170 2154 236 2192 est,
258 2146 398 2193 AEquos
417 2144 647 2190 Volscosque
677 2141 824 2177 summa
844 2141 877 2177 vi
898 2141 1034 2177 bellum
1062 2154 1251 2190 apparare.
1307 2142 1439 2190 Itaque

169 2197 297 2247 partiri
327 2195 536 2244 provincias
568 2194 742 2231 consules
765 2193 870 2242 jussi.
927 2193 1084 2230 Horatio
1114 2194 1258 2239 Sabini,
1288 2194 1439 2231 Valerio

171 2248 284 2297 AEqui
324 2248 523 2295 Volscique
551 2247 721 2283 evenere.
790 2245 923 2284 Quum
952 2246 997 2281 ad
1040 2258 1084 2281 ea
1127 2245 1222 2281 bella
1249 2246 1437 2283 delectum

170 2302 388 2346 edixissent,
418 2299 540 2335 savore
572 2297 690 2346 plebis
720 2310 793 2333 non
824 2297 991 2345 juniores
1025 2296 1146 2340 modo,
1178 2298 1243 2333 sed
1272 2298 1438 2334 emeritis

170 2354 282 2390 etiam
303 2351 511 2400 stipendiis,
531 2363 614 2398 pars
634 2362 770 2397 magna
789 2349 1092 2396 voluntariorum,
1113 2350 1158 2385 ad
1175 2350 1328 2386 nomina
1348 2349 1437 2385 dan·
1450 2354 1481 2379 4⁰

171 2405 218 2442 da
237 2411 369 2453 praesto
389 2403 491 2439 suere
509 2415 517 2438 :
563 2401 679 2449 eoque
701 2414 774 2437 non
795 2401 902 2448 copia
935 2401 1059 2444 modi),
1081 2402 1146 2437 sed
1165 2414 1304 2449 genere
1324 2401 1436 2437 etiam

172 2457 344 2500 militum,
379 2454 562 2492 veteranis
595 2453 780 2499 admixtis,
815 2453 951 2490 firmior
971 2454 1159 2490 exercitus
1179 2453 1258 2490 suit.
1315 2452 1437 2489 Prius·-
