1617 2765
535 174 672 205 LIBER
694 174 734 204 V.
779 184 856 206 cAP.
874 186 986 207 xm‘u.
1361 179 1436 217 127

155 268 271 318 Vejos
299 268 517 306 contendit:
564 266 742 314 missique
783 268 948 304 Ardeam
988 268 1101 317 legati
1143 270 1189 305 ad
1219 270 1436 317 Camillum,

157 320 274 369 Vejos
292 332 377 357 eum
398 320 632 367 perduxere:
678 332 744 355 seu
768 319 882 369 (quod
904 321 1023 368 magis
1052 321 1207 357 credere
1227 321 1331 366 libet,
1361 335 1437 358 non

154 373 262 421 prins
290 371 499 420 profectum
530 371 576 407 ab
605 371 749 414 Ardea,
787 371 899 418 quam
929 373 1112 420 comperit
1139 372 1262 421 legem
1292 373 1437 418 latam3

154 424 254 472 quod
273 435 346 460 nec
366 423 509 472 injussu
530 424 656 471 populi
685 423 821 459 mutari
848 423 986 459 finibus
1004 432 1142 472 posset,
1162 437 1246 470 nec,
1268 424 1340 460 nisi
1360 425 1439 461 dic-

126 482 247 512 stator
280 475 417 518 dictus,
448 475 615 523 auspicia
644 475 681 511 in
713 474 882 511 exercitu
912 476 1068 527 habere)
1102 476 1163 513 lex
1191 475 1338 512 curiata
1365 476 1441 513 lata.

154 534 221 574 est,
242 527 476 575 dictatorque
496 527 633 563 absens
652 527 788 563 dietus.

205 631 372 668 XLVII.
419 631 520 668 Dum
541 632 622 669 haec
652 632 759 681 Vejis
788 632 1009 680 agebantur,
1039 633 1187 670 interim
1209 646 1275 670 arx
1304 633 1440 669 Romae

153 683 455 732 Capitoliumque
476 684 514 720 in
535 685 681 734 ingenti
705 684 877 733 periculo
911 685 1005 721 fuit:
1049 698 1211 734 namque
1231 685 1344 732 Galli,
1373 697 1440 721 seu

152 736 310 785 vestigio
328 744 456 773 notato
475 737 653 783 humano,
673 738 750 785 qua
772 736 927 774 nuntius
947 750 968 773 a
987 738 1093 787 Vejis
1119 744 1353 786 pervenerat,
1374 749 1440 772 seu

110 798 140 822 10
153 801 221 824 sua
250 795 381 836 sponte
420 788 680 825 animadverso
717 790 763 825 ad
802 789 1017 826 Carmentis
1050 803 1222 827 saxorum
1253 790 1441 825 adscensu

153 852 272 888 aequo,
302 847 413 877 nocte
447 840 636 884 sublustri,
667 854 782 889 quum
813 840 931 889 primo
960 842 1157 885 inermem,
1187 842 1249 889 qui
1279 847 1442 877 tentaret

153 892 264 938 viam,
285 892 564 951 praemisissent,
586 893 780 929 tradentes
800 893 888 929 inde
909 905 1024 936 arma,
1045 895 1109 930 ubi
1139 893 1255 942 quid
1248 893 1367 940 iniqui
1386 905 1442 928 es-

152 951 221 985 set,
243 945 405 980 alterni
398 945 524 986 innisi,
554 945 869 992 sublevantesque
899 944 1062 981 invicem
1091 953 1129 981 et
1156 946 1348 982 trahentes
1378 944 1441 980 alii

152 995 258 1038 alios,
279 1002 388 1044 prout
406 996 608 1044 postularet
628 996 757 1040 locus3
797 1003 902 1033 tanto
921 996 1098 1033 silentio
1090 1010 1127 1032 in
1148 1009 1336 1033 summum
1357 1008 1442 1031 eva-

109 1058 139 1083 15
152 1048 247 1094 sere,
267 1054 308 1084 ut
327 1060 401 1084 non
423 1048 599 1084 custodes
619 1047 735 1084 solum
769 1048 954 1094 fallerent,
983 1049 1048 1084 sed
1069 1061 1117 1085 ne
1137 1061 1253 1085 canes
1272 1047 1440 1096 quidem,

151 1099 353 1136 sollicitum
375 1100 513 1136 animal
535 1100 580 1136 ad
601 1108 806 1137 nocturnos
829 1100 1018 1148 strepitus⁷
1040 1101 1260 1137 excitarent.
1318 1102 1442 1135 Anse-

151 1164 212 1188 res
239 1164 315 1188 non
346 1151 524 1195 fefellere,
545 1152 692 1200 quibuS‚
722 1153 839 1189 sacris
875 1152 1030 1198 Junoni,
1065 1153 1103 1189 in
1134 1152 1283 1189 summa
1316 1151 1441 1199 inopia

153 1204 229 1240 cibi
250 1211 374 1240 tamen
397 1204 675 1240 abstinebatur:
717 1218 799 1253 quae
820 1217 880 1241 res
900 1204 1009 1240 saluti
1031 1205 1121 1241 fuit:
1156 1217 1318 1252 namque
1340 1203 1442 1239 clan-

152 1268 241 1305 gore
260 1269 390 1292 eorum
410 1256 628 1304 alarumque
654 1257 799 1305 crepitu
831 1256 979 1292 excitus
1009 1256 1062 1292 M.
1084 1256 1266 1302 Manlius,
1297 1256 1359 1303 qui
1380 1255 1442 1291 tri-

107 1317 140 1342 20
153 1308 267 1345 ennio
287 1310 373 1345 ante
393 1308 524 1345 consul
543 1308 674 1353 fuerat,
695 1309 748 1344 vir
766 1309 863 1345 bello
876 1309 1063 1357 egregius,
1080 1309 1193 1345 armis
1209 1308 1378 1356 arreptis,
1395 1306 1442 1343 si-

152 1361 229 1397 mul
251 1362 295 1397 ad
318 1373 421 1397 arma
441 1367 596 1397 caeteros
616 1360 736 1407 ciens,
758 1361 880 1397 vadit:
911 1368 960 1403 et,
981 1361 1070 1397 dum
1092 1360 1217 1397 caeteri
1238 1360 1441 1408 trepidant,

152 1413 316 1459 Gallum,
339 1413 402 1461 qui
429 1413 507 1462 jam
536 1413 574 1449 in
604 1425 752 1449 summo
781 1412 1015 1456 constiterat,
1037 1413 1201 1449 umbone
1232 1413 1348 1449 ictum
1378 1411 1442 1447 de-

151 1465 288 1502 turbat.
345 1465 465 1514 Cujus
483 1478 594 1501 casus
613 1465 774 1513 prolapsi
803 1477 919 1513 quum
940 1466 1131 1513 proximos
1153 1471 1350 1506 sterneret,
1370 1470 1443 1499 tre-

151 1517 326 1565 pidantes
355 1517 457 1562 alios,
488 1517 675 1564 armisque
704 1517 851 1554 omissis
880 1529 983 1563 saxa,
1021 1518 1157 1565 quibus
1186 1516 1442 1561 adhaerebant,

107 1578 140 1602 25
155 1570 329 1606 manibus
347 1569 553 1618 amplexos,
572 1569 751 1605 trucidat.
809 1569 969 1617 Jamque
989 1576 1027 1605 et
1046 1570 1107 1605 alii
1125 1568 1343 1617 congregati
1359 1566 1444 1603 telis

154 1621 432 1669 missilibusque
452 1622 550 1657 saxis
568 1622 790 1669 proturbare
812 1622 950 1668 hostes,
971 1622 1154 1669 ruinaque
1174 1628 1252 1657 tota
1270 1619 1444 1668 prolapsa

154 1673 256 1709 acies
275 1674 312 1710 in
333 1685 501 1722 praeceps
521 1673 670 1709 deferri.
728 1674 868 1710 Sedato
891 1674 1030 1710 deinde
1051 1674 1228 1716 tumultu,
1255 1672 1447 1719 reliquum

154 1726 276 1762 noctis
298 1725 501 1774 (quantum
522 1725 560 1761 in
580 1727 738 1762 turbatis
758 1726 950 1761 mentibus
970 1732 1126 1773 poterat,
1145 1737 1260 1772 quum
1277 1723 1441 1772 praeteri-

154 1787 232 1814 tum
253 1790 399 1826 quoque
419 1776 629 1826 periculum
661 1777 893 1821 sollicitaret)
926 1777 1041 1824 quieti
1062 1778 1191 1813 datum
1211 1783 1278 1812 est.
1335 1775 1441 1810 Luce

108 1830 248 1876 morta,
282 1830 423 1866 vocatis
461 1829 621 1865 classico
660 1830 705 1866 ad
736 1829 940 1865 concilium
972 1829 1153 1865 militibus
1182 1829 1227 1864 ad
1258 1827 1441 1868 tribunos,

153 1894 268 1930 quum
287 1889 325 1918 et
344 1880 445 1918 recte
474 1888 512 1918 et
540 1894 735 1929 perperam
756 1881 856 1917 facto
884 1881 1045 1928 pretium
1067 1881 1287 1924 deberetur3
1333 1879 1444 1915 Man-

153 1933 225 1970 lius
243 1933 402 1982 primum
421 1933 469 1970 ob
490 1933 663 1970 virtutem
684 1933 860 1970 laudatus
893 1933 1144 1990 donatusque,
1163 1945 1238 1968 non
1260 1932 1306 1967 ab
1326 1930 1443 1967 tribu-

154 1986 213 2023 nis
232 1985 349 2023 solum
371 1986 546 2032 militum,
567 1986 633 2022 sed
653 1997 844 2022 consensu
858 1985 970 2021 etiam
994 1985 1171 2021 militari:
1201 1984 1262 2020 cui
1280 1981 1444 2019 universi

154 2039 311 2075 selibras
331 2038 438 2075 farris
457 2045 493 2074 et
521 2038 728 2086 quartarios
749 2037 827 2073 vini
857 2037 903 2072 ad
934 2037 1034 2073 aedes
1062 2037 1156 2085 ejus,
1191 2049 1273 2094 quae
1298 2036 1334 2071 in
1356 2045 1443 2070 arce

109 2098 272 2136 35erant,
294 2091 563 2134 contulerunt3
592 2103 672 2126 rem
693 2090 797 2126 dictu
818 2101 985 2147 parvam,
1001 2088 1179 2125 caeterum
1200 2088 1327 2146 inopia
1346 2086 1445 2122 fece-

155 2149 212 2178 rat
230 2155 312 2179 eam
333 2118 597 2191 argumentum
619 2142 755 2191 ingens
781 2141 960 2183 caritatis,
981 2154 1110 2189 quum,
1130 2153 1169 2177 se
1189 2140 1345 2188 quisque
1367 2138 1444 2174 vic-

156 2205 193 2231 tu
224 2207 292 2231 suo
321 2194 512 2252 fraudans,
532 2194 744 2231 detractum
764 2193 911 2242 corpori
940 2200 1050 2241 atque
1072 2193 1199 2229 usibus
1219 2190 1445 2228 necessariis

156 2246 203 2282 ad
241 2247 420 2283 honorem
449 2247 562 2283 unius
591 2247 658 2283 viri
688 2246 889 2283 conferret.
947 2245 1051 2282 Tum
1085 2245 1217 2294 vigiles
1245 2244 1327 2302 ejus
1355 2243 1443 2286 loci,

156 2298 231 2346 quit
251 2298 432 2335 fefellerat
451 2299 690 2335 adscendens
719 2298 848 2341 hostis,
880 2298 1007 2334 citati:
1054 2305 1091 2334 et
1110 2309 1223 2345 quum
1254 2296 1291 2332 in
1311 2308 1444 2332 omnes

111 2357 144 2383 ⁴⁰
157 2363 260 2387 more
282 2350 433 2386 militari
453 2363 493 2386 se
524 2351 874 2387 animadversurum
894 2349 948 2389 Q.
973 2350 1165 2398 Sulpicius
1184 2349 1358 2385 tribunus
1376 2346 1445 2383 mi-

156 2403 263 2440 litum
285 2401 588 2450 pronuntiassem
618 2403 882 2439 consentiente
899 2403 1063 2438 clamore
1085 2402 1244 2438 militum
1267 2401 1304 2436 in
1325 2411 1443 2435 unum

157 2454 309 2505 vigilem
323 2453 608 2502 conjicientium
629 2456 794 2503 culpam,
810 2455 1025 2498 deterritus,
1043 2467 1063 2490 a
1081 2454 1227 2491 caeteris
1241 2450 1442 2488 abstinuit:
