1617 2765
146 182 227 220 230
669 179 759 210 T1T1
785 180 895 211 mvn

151 274 310 324 accepit.
366 274 571 324 Nunquam
601 287 666 324 per
694 288 826 312 omnes
846 275 938 320 dies,
959 287 1004 311 ex
1024 288 1096 323 quo
1118 275 1319 312 Claudium
1341 288 1429 312 con-

150 328 269 364 sulem
289 327 498 376 profectum
529 328 628 363 fama
656 327 789 373 attulit,
820 328 868 363 ab
895 335 975 364 orto
1004 327 1080 364 sole
1110 328 1155 363 ad
1176 327 1429 372 occidentem,

151 387 214 416 aut
233 387 381 416 senator
400 380 594 428 quisquam
616 392 638 416 a
656 380 762 416 curia
781 387 891 427 atque
920 379 967 415 ab
988 379 1270 428 magistratibus,
1285 379 1431 415 absces-

150 432 210 479 sit,
230 440 294 469 aut
326 432 486 481 populus
511 444 531 468 e
553 431 641 468 foro.
698 431 896 478 Matronae,
925 431 1013 480 quia
1041 432 1134 468 nihil
1164 432 1202 468 in
1232 431 1322 480 ipsis
1350 432 1430 479 opis

151 491 245 531 erat,
266 484 304 521 in
337 497 469 533 preces
503 483 843 532 obtestationesque
872 496 1002 530 versae,
1031 496 1096 532 per
1116 484 1244 521 omnia
1273 483 1430 519 delubra
1460 492 1476 516 5

149 548 252 586 vagae
285 536 478 585 suppliciis
508 536 673 584 votisque
704 536 858 585 fatigare
879 536 993 573 Deos.
1067 536 1167 572 Tam
1187 535 1357 572 sollicitae
1386 548 1431 572 ac

149 601 340 637 suspensae
361 588 502 625 civitati
522 587 622 624 sama
640 588 786 625 incerta
817 588 935 637 primo
955 588 1108 631 accidit,
1130 589 1224 625 duos
1242 587 1280 624 N
1284 588 1431 624 arnien-

149 653 209 677 ses
227 641 372 689 equites
415 640 452 676 in
496 647 631 686 castra,
670 652 752 688 quae
792 640 830 676 in
870 640 1042 678 faucibus
1069 640 1235 677 Umbriae
1263 640 1433 689 opposita

148 700 268 739 erant,
288 692 436 729 venisse
455 705 502 728 ex
520 692 664 740 proelio,
684 692 902 728 nuntiantes
921 705 1040 729 caesos
1059 694 1195 730 hostes.
1242 692 1291 729 Et
1311 691 1432 741 primo

149 745 271 793 magis
290 745 455 788 auribus,
476 745 586 792 quam
608 743 757 790 animis,
786 744 823 780 id
844 752 1043 793 acceptum
1062 752 1155 791 erat,
1174 752 1215 781 ut
1233 744 1354 793 majus
1373 744 1434 780 lae-
1448 752 1477 776 10

149 796 310 844 tiusque‚
332 796 444 844 quam
463 797 561 844 quod
582 803 710 832 mente
730 808 879 844 capere,
900 804 965 833 aut
979 796 1069 833 satis
1088 797 1243 833 credere
1260 804 1432 845 possent.

148 856 186 885 et
206 849 285 897 ipsa
305 849 480 885 celeritas
499 848 612 884 fidem
638 848 878 896 impediebat,
908 847 1009 897 quod
1042 849 1157 886 biduo
1176 849 1262 885 ante
1291 861 1434 898 pugna-

149 908 227 937 tum
247 901 454 937 dicebatur.
511 900 648 937 Literae
667 900 805 937 deinde
826 901 873 937 ab
888 901 932 937 L.
954 901 1099 938 Manlio
1120 901 1288 938 Acidino
1310 901 1433 937 missae

150 965 198 989 ex
226 953 358 990 castris
378 953 585 990 afferuntur
604 953 651 990 de
673 953 947 990 Narniensium
968 954 1136 1002 equitum
1150 954 1324 990 adventu.
1365 953 1432 989 Eae

149 1005 278 1048 literae,
309 1018 373 1054 per
403 1005 522 1042 forum
552 1006 598 1041 ad
627 1005 791 1042 tribunal
819 1006 987 1054 praetoris
1006 1006 1104 1050 latae,
1134 1014 1306 1042 senatum
1328 1005 1432 1042 curia
1448 1012 1478 1036 15

149 1057 395 1094 exciverunt:
441 1065 618 1106 tantoque
648 1058 855 1094 certamine
876 1070 920 1094 ac
941 1058 1103 1094 tumultu
1121 1058 1249 1107 populi
1269 1057 1315 1094 ad
1337 1057 1434 1094 fores

150 1109 266 1146 curiae
286 1122 513 1146 concursum
533 1117 603 1156 est,
620 1117 660 1146 ut
677 1110 779 1146 adire
799 1110 955 1146 nuntius
969 1123 1044 1147 non
1061 1118 1196 1159 posset,
1210 1110 1434 1146 traheretur·

150 1174 221 1209 que
242 1174 263 1197 a
282 1162 592 1209 percontantibus
618 1161 997 1210 vociferantibusque,
1016 1169 1058 1199 ut
1077 1163 1115 1198 in
1137 1162 1285 1199 Rostris
1313 1162 1433 1210 prisls,

150 1213 261 1262 quam
294 1213 332 1249 in
362 1220 508 1260 senatu,
538 1213 655 1250 literae
684 1213 944 1250 recitarentur.
1001 1214 1178 1250 Tandem
1207 1213 1369 1250 submoti
1397 1221 1436 1250 et

150 1265 306 1302 coerciti
335 1278 357 1302 a
385 1265 687 1314 magistratibus:
731 1266 1013 1314 dispensarique
1033 1265 1163 1303 laetitia
1191 1266 1288 1303 inter
1317 1266 1478 1314 imp0-20

150 1324 273 1354 tentes
309 1318 391 1367 ejus
419 1318 564 1354 animos
596 1318 727 1366 potuit.
802 1317 848 1354 In
867 1326 1002 1355 senatu
1020 1318 1198 1367 primum,
1228 1318 1366 1355 deinde
1395 1318 1434 1355 in

150 1370 349 1413 concione,
375 1370 492 1406 literae
526 1371 692 1415 recitatae
726 1378 838 1407 sunt:
891 1378 941 1414 et,
961 1384 1027 1420 pro
1055 1371 1237 1420 cujusque
1266 1370 1433 1420 ingenio,

150 1422 233 1459 aliis
248 1422 326 1471 jam
356 1430 501 1460 certum
520 1423 714 1471 gaudium,
736 1422 818 1459 aliis
847 1423 951 1459 nulla
970 1422 1056 1460 ante
1078 1423 1202 1460 futura
1228 1423 1322 1461 fides
1340 1430 1433 1470 erat,

150 1473 262 1523 quam
283 1474 425 1524 legatos
445 1475 690 1512 consulumve
710 1475 836 1512 literas
856 1476 1062 1514 audissent.

203 1579 268 1616 LI.
299 1579 406 1628 Ipsos
426 1579 564 1616 deinde
584 1579 880 1628 appropinquare
900 1580 1043 1629 legatos
1062 1579 1214 1616 allatum
1238 1587 1316 1616 est:
1354 1587 1433 1617 tum
1446 1587 1479 1612 2⁵

150 1632 343 1669 enimvero
360 1632 483 1668 omnis
517 1639 606 1668 aetas
639 1645 790 1668 currere
818 1632 930 1678 obvii,
961 1633 1101 1681 primus
1129 1632 1286 1680 quisque
1314 1632 1435 1669 oeulis

150 1684 376 1732 auribusque
397 1684 547 1720 haurire
566 1691 713 1720 tantum
733 1684 914 1733 gaudium
928 1684 1147 1733 cupientes:
1178 1685 1225 1721 ad
1245 1684 1435 1721 Mulvium

149 1749 268 1784 usque
301 1743 453 1785 pontem
482 1736 685 1773 continens
714 1749 851 1785 agmen
880 1737 1061 1785 pervenit.
1136 1736 1270 1786 Legati
1309 1736 1436 1785 (erant

149 1788 194 1825 L,
217 1788 396 1825 Veturius
416 1788 535 1834 Philo,
556 1788 598 1825 P.
619 1789 793 1825 Licinius
814 1789 950 1836 Varus,
969 1788 1022 1828 Q.
1043 1789 1221 1826 Caecilius
1237 1788 1433 1839 Metellus)

150 1840 370 1877 circumfusi
390 1841 512 1877 omnis
531 1841 682 1890 generis
706 1841 901 1878 hominum
923 1841 1136 1890 frequentia
1156 1841 1193 1878 in
1215 1841 1335 1878 forum
1354 1847 1480 1889 per-30

150 1899 358 1936 venerunt;
387 1905 502 1940 quum
522 1893 584 1929 alii
605 1893 716 1941 ipsos,
737 1894 799 1930 alii
820 1894 978 1931 comites
1002 1906 1146 1939 eorum,
1165 1905 1247 1941 quae
1276 1900 1361 1929 acta
1379 1906 1436 1929 es-

151 1951 248 1990 sent,
286 1951 621 1992 percontarentur;
664 1952 714 1990 et,
752 1953 793 1981 ut
829 1945 985 1992 quisque
1014 1945 1196 1988 audierat,
1226 1945 1435 1982 exercitum

151 1996 314 2033 hostium
335 1996 672 2045 imperatoremque
691 1996 874 2039 occisum,
895 1996 1065 2044 legiones
1078 1997 1274 2033 Romanas
1293 1997 1436 2034 incolu-

153 2061 246 2095 mes,
266 2048 386 2085 salvos
405 2048 580 2085 consules
609 2060 704 2091 esse,
725 2049 912 2110 extemplo
932 2049 1014 2085 aliis
1043 2062 1151 2097 porro
1170 2049 1437 2098 impertiebant

152 2080 334 2150 gaudium
369 2113 491 2137 suum.
546 2099 679 2139 Quum
701 2113 797 2149 aegre
831 2101 869 2136 in
904 2101 1047 2137 curiam
1082 2111 1304 2150 perventum
1323 2109 1435 2148 esset,
1449 2108 1481 2133 8⁵

154 2153 271 2189 multo
292 2153 429 2202 aegrius
449 2153 619 2189 submota
639 2152 761 2198 turba,
787 2165 835 2189 ne
865 2152 1037 2190 Patribus
1057 2154 1290 2200 misceretur,
1319 2154 1436 2191 literae

155 2205 194 2241 in
215 2213 347 2241 senatu
369 2205 535 2242 recitatae
555 2212 666 2242 sunt:
709 2205 797 2241 inde
817 2205 1016 2254 producti
1008 2218 1047 2242 in
1067 2206 1290 2243 concionem
1310 2206 1435 2255 legati.

155 2256 200 2294 L.
223 2257 417 2301 Veturius,
436 2257 553 2294 literis
582 2257 760 2301 recitatis,
790 2257 868 2306 ipse
897 2257 1050 2306 planius
1078 2259 1216 2304 omnia,
1242 2271 1324 2307 quae
1353 2266 1438 2295 acta

155 2317 275 2355 erant,
307 2310 478 2358 exposuit
497 2322 585 2346 cum
605 2309 749 2358 ingenti
770 2322 936 2355 assensu,
959 2310 1145 2359 postremo
1164 2311 1278 2347 etiam
1297 2311 1437 2348 clamo-

156 2374 196 2398 re
226 2361 411 2398 universae
431 2361 638 2407 concionis,
668 2375 781 2410 quum
802 2362 862 2398 vix
890 2364 1069 2411 gaudium
1091 2363 1228 2400 animis
1247 2370 1436 2413 caperent.
1450 2368 1482 2393 4⁰

158 2413 382 2450 Discursum
404 2414 491 2450 inde
512 2413 558 2449 ab
588 2414 670 2450 aliis
690 2414 792 2451 circa
811 2415 948 2463 templa
969 2415 1104 2459 Deum,
1135 2423 1176 2453 ut
1194 2424 1318 2465 grates
1347 2428 1434 2464 age-

158 2474 267 2511 rent;
314 2466 361 2502 ab
380 2466 462 2502 aliis
481 2467 624 2510 domos,
646 2473 686 2503 ut
716 2467 940 2516 conjugibus
973 2468 1173 2517 liberisque
1203 2476 1278 2505 tam
1311 2468 1437 2505 laetum
