1617 2765
539 178 672 208 LIBER
697 177 757 207 111.
803 186 880 207 CAP.
900 186 971 206 Lvr.
1362 178 1431 214 101

211 271 313 309 LVI.
362 271 536 308 Fundata
564 271 702 307 deinde
731 277 768 306 et
796 277 977 319 potestate
1006 269 1221 315 tribunicia,
1251 277 1288 306 et
1317 270 1436 318 plebis

157 322 340 367 libertate,
362 330 439 359 tum
469 323 608 359 tribuni
638 322 792 371 aggredi
822 323 989 371 singulos
1018 329 1140 358 tutum
1171 329 1434 369 maturumque

153 375 229 422 jam
251 375 332 421 rati,
352 382 610 412 accusatorem
637 375 799 423 primum
830 374 1044 423 Virginium
1074 381 1112 410 et
1142 373 1306 421 Appium
1330 386 1433 410 reum

155 427 336 475 deligunt.
392 426 525 466 Quum
546 427 645 463 diem
668 427 791 475 Appio
813 426 1009 475 Virginius
1028 426 1198 471 dixisset,
1214 433 1252 461 et
1274 425 1432 473 Appius,

127 478 309 526 5stipatus
330 479 497 527 patriciis
523 479 739 528 juvenibus,
762 479 799 515 in
822 478 940 515 sorum
961 478 1245 521 descendisset3
1274 477 1436 514 redinte-

152 538 258 577 grata
277 531 465 579 extemplo
493 539 549 567 est
568 531 743 567 omnibus
772 530 952 567 memoria
981 530 1195 566 soedissimae
1229 530 1434 578 potestatis,

152 594 266 628 quum
289 583 408 631 ipsum
443 583 696 631 satellitesque
729 583 810 631 ejus
839 583 1031 619 vidissent.
1089 582 1192 618 Tum
1228 581 1434 630 Virginius,

150 635 172 654 ‘·
191 633 364 678 Oratio,'’
378 635 508 683 inquit,
523 636 668 672 “rebus
681 635 806 671 dubiis
824 635 975 671 inventa
987 642 1054 671 est.
1084 634 1216 682 Itaque
1230 646 1351 681 neque
1365 646 1436 682 ego

150 687 410 724 “accusando
438 688 536 736 apud
567 700 629 724 vos
658 700 744 724 eum
774 695 921 735 tempus
950 694 1082 730 teram,
1104 699 1126 722 a
1145 686 1254 735 cujus
1275 686 1436 722 crudeli-

110 740 173 768 10‘·'
190 746 266 775 tate
298 746 439 776 vosmet
468 739 536 788 ipsi
566 740 679 776 armis
708 739 948 775 vindicastis:
997 752 1069 775 nec
1091 739 1201 775 istum
1221 738 1267 774 ad
1297 745 1436 774 czetera

150 792 172 812 ‘
190 791 336 827 scelera
364 791 636 850 impudentiam
680 792 717 827 in
758 791 998 828 defendendo
1036 804 1075 827 se
1112 791 1275 839 adjicere
1305 790 1434 839 patiar.

150 842 377 879 “Omnium
408 844 520 893 igitur
540 844 619 889 tibi,
642 843 714 892 Ap.
729 843 879 886 Claudi
893 856 975 891 quae
996 843 1108 891 impie
1130 842 1346 890 nefarieque
1370 855 1435 900 per

149 895 387 932 “biennium
408 897 480 932 alia
503 909 618 954 super
647 896 719 932 alia
747 908 787 931 es
817 908 942 942 ausus,
972 896 1131 944 gratiam
1153 895 1275 931 facio:
1325 895 1437 930 unius

148 947 341 983 “tantum
361 948 531 983 criminis
560 948 597 984 ni
623 948 791 996 judicem
822 948 939 989 dices,
970 955 1006 983 te
1036 948 1082 983 ab
1111 947 1310 982 libertate'
1303 959 1340 982 ιιι
1361 959 1437 983 ser-

107 1001 170 1027 1·'›“
190 999 345 1034 vitutem
367 1007 499 1035 contra
517 999 620 1048 leges
650 999 833 1035 vindicias
865 1012 940 1034 non
967 999 1128 1043 dedisse,
1156 999 1193 1034 in
1215 998 1366 1034 vincula
1399 1006 1435 1035 te

149 1050 278 1087 “duci
306 1050 459 1099 jube0.'’
525 1051 611 1088 Nec
640 1051 678 1087 in
708 1050 912 1088 tribunicio
941 1051 1083 1087 auxilio
1114 1051 1274 1099 Appius,
1305 1050 1435 1087 necin

144 1102 290 1152 judicio
320 1103 460 1152 populi,
495 1103 608 1140 ullam
637 1115 741 1152 spem
772 1103 957 1139 habebat:
1005 1110 1169 1139 attamen
1199 1110 1236 1138 et
1265 1103 1435 1139 tribunos

149 1155 349 1204 appellavit
365 1168 374 1191 ι
404 1162 454 1202 et,
475 1156 578 1192 nullo
598 1163 780 1202 morante,
794 1162 962 1203 arreptus
978 1169 999 1191 a
1016 1155 1167 1198 viatore,
1188 1156 1211 1176 ‘⁶
1229 1155 1433 1200 Provoco‚’'

150 1207 281 1256 inquit.
340 1207 484 1244 Audita
512 1220 580 1244 vox
602 1221 676 1244 una
706 1208 842 1244 vindex
872 1207 1066 1253 libertatis,
1095 1220 1142 1243 ex
1161 1220 1206 1244 eo
1226 1207 1339 1243 missa
1357 1220 1435 1254 ore,

101 1263 221 1307 20quo
242 1259 415 1296 vindiciae
435 1272 555 1309 nuper
575 1260 622 1296 ab
642 1260 812 1296 libertate
834 1260 945 1296 diotre
966 1267 1085 1306 erant,
1119 1259 1308 1296 silentium
1333 1259 1432 1296 fecit.

150 1312 210 1354 Et,
232 1312 321 1347 dum
341 1325 406 1360 pro
426 1324 466 1348 se
485 1313 655 1360 quisque,
677 1315 699 1334 ‘⁶
716 1312 817 1348 Deos
833 1313 986 1348 tandem
1007 1325 1101 1357 esse,
1123 1319 1159 1348 et
1173 1325 1247 1348 non
1269 1312 1435 1360 neglige-

148 1366 224 1400 “re
245 1364 424 1410 humana,
428 1364 449 1380 '’
473 1364 656 1410 fremunt3
686 1366 708 1387 “
727 1372 764 1401 et
783 1364 966 1413 superbiae
980 1364 1281 1412 crudelitatique,
1294 1364 1362 1400 etsi
1380 1377 1435 1400 se-

148 1418 171 1438 ‘'
185 1428 257 1459 ras,
279 1428 353 1452 non
375 1416 475 1452 leves
504 1424 629 1453 tamen
660 1417 786 1454 venire
817 1429 971 1465 poenas:
1007 1429 1222 1465 provocare,
1251 1417 1314 1464 qui
1353 1429 1435 1464 pro·

148 1470 172 1490 “
187 1468 419 1505 vocationem
455 1469 690 1514 sustulisset;
738 1476 775 1505 et
805 1469 1002 1517 implorare
1040 1469 1255 1517 przesidium
1292 1469 1433 1517 populi,

103 1523 135 1547 ‘35
149 1519 248 1568 “qui
269 1519 396 1556 omnia
411 1520 496 1568 jura
511 1521 636 1569 populi
656 1521 856 1564 obtrisset3
900 1521 1052 1569 rapique
1082 1521 1119 1556 in
1142 1520 1292 1556 vincula
1320 1533 1435 1569 egen-

149 1576 173 1596 ‘4
187 1582 262 1608 tem
278 1572 362 1620 jure
386 1572 581 1619 libertatis,
610 1574 672 1621 qui
702 1573 861 1609 liberum
891 1585 1027 1621 corpus
1057 1573 1094 1608 in
1124 1573 1340 1609 servitutem
1372 1573 1435 1609 ad-

149 1627 172 1649 a:
187 1624 364 1668 dixisset3
379 1624 403 1640 '’
450 1625 567 1673 ipsius
595 1625 724 1674 Appii,
763 1626 858 1662 inter
888 1625 1085 1661 concionis
1122 1637 1289 1661 murmur
1320 1625 1431 1661 fidem

149 1676 274 1725 populi
294 1676 460 1712 Romani
484 1676 728 1725 implorantis,
755 1690 824 1714 vox
845 1678 1080 1713 audiebatur.
1138 1677 1326 1725 Majorum
1357 1690 1434 1713 me-

149 1729 219 1765 rita
239 1728 276 1764 in
296 1728 566 1776 rempublicam
587 1730 687 1766 domi
709 1730 924 1777 militizeque
945 1730 1287 1765 commemorabat:
1334 1731 1357 1750 “
1373 1742 1432 1765 su-

104 1784 134 1808 30
149 1784 173 1806 ‘⁴
188 1792 251 1816 um
271 1780 400 1816 infelix
420 1793 511 1829 erga
529 1781 677 1829 plebem
709 1782 923 1817 Romanam
955 1781 1134 1827 studium,
1164 1778 1263 1829 quod
1283 1793 1433 1829 :equan-

149 1832 318 1868 “darum
339 1832 463 1881 legum
485 1834 611 1879 causa,
633 1846 720 1870 cum
738 1834 905 1869 maxima
930 1833 1138 1869 offensione
1160 1833 1326 1876 Patrum,
1344 1846 1433 1869 con-

149 1889 172 1909 “
186 1884 308 1921 sulatu
329 1885 468 1921 abisset
485 1898 492 1921 :
533 1898 619 1921 suas
639 1886 754 1934 leges,
774 1886 909 1933 quibus
929 1886 1170 1921 manentibus
1190 1885 1282 1921 lator
1302 1898 1432 1922 earum

148 1941 172 1961 ‘⁶
188 1937 224 1973 in
245 1937 396 1973 vincula
414 1937 584 1973 ducatur.
642 1937 835 1974 Caeterum
856 1950 924 1974 sua
953 1937 1099 1986 propria
1129 1938 1226 1973 bona
1247 1938 1430 1986 malaque,

148 1993 172 2013 “
185 2002 300 2037 quum
321 2001 445 2025 causae
465 1989 637 2026 dicendae
658 1990 745 2026 data
765 1990 922 2026 facultas
942 1990 1000 2035 sit,
1021 1997 1099 2026 tum
1121 2002 1160 2026 se
1177 1997 1430 2038 experturum.

148 2041 230 2077 “ln
252 2041 448 2090 praesentia
477 2054 516 2078 se
537 2042 729 2079 communi
760 2042 843 2091 jure
863 2042 1025 2078 civitatis
1058 2042 1179 2078 civem
1211 2042 1430 2078 Romanum

104 2093 250 2133 :3:›4‘die
283 2093 386 2130 dicta
414 2094 614 2142 postulare,
644 2102 684 2131 ut
712 2094 839 2131 dicere
869 2095 992 2137 liceat,
1023 2102 1063 2130 ut
1088 2094 1273 2143 judicium
1305 2094 1431 2143 populi

150 2149 173 2168 ‘²
188 2146 352 2182 Romani
373 2146 547 2194 experiri.
603 2146 690 2183 Non
714 2147 762 2183 ita
783 2159 821 2182 se
843 2147 1022 2182 invidiam
1043 2147 1293 2194 pertimuisse,
1317 2154 1358 2182 ut
1377 2147 1431 2183 ni-

150 2201 174 2220 “
189 2197 237 2233 hil
259 2197 295 2233 in
317 2198 489 2246 aequitate
508 2205 546 2235 et
566 2199 823 2235 misericordia
853 2199 990 2235 civium
1013 2211 1162 2235 suorum
1183 2199 1260 2247 spei
1282 2199 1428 2236 habeat.

150 2248 303 2288 “Quod
320 2250 349 2285 si
371 2250 514 2287 indicta
532 2252 648 2287 causa
668 2252 705 2287 in
727 2251 876 2287 vincula
896 2251 1068 2297 (lucatur,
1100 2250 1234 2287 iterum
1254 2264 1293 2287 se
1314 2252 1430 2288 tribu-

152 2304 257 2337 “nos
278 2300 399 2348 plebei
420 2303 617 2351 appellare,
639 2311 676 2340 et
693 2316 858 2346 monere,
876 2316 923 2339 ne
942 2303 1144 2349 imitentur,
1160 2316 1253 2351 quos
1267 2304 1427 2340 oderint.

107 2368 138 2393 40
152 2356 174 2375 ‘⁶
188 2352 304 2392 Quod
326 2353 354 2388 si
375 2353 513 2390 tribuni
533 2356 664 2392 eodem
685 2356 822 2392 soedere
837 2356 1021 2404 obligatos
1033 2368 1072 2391 se
1095 2355 1279 2392 fateantur
1299 2356 1429 2392 tollen-

153 2409 177 2430 “
191 2406 247 2442 die
260 2405 519 2454 appellationis
534 2409 659 2451 causa,
679 2408 715 2444 in
732 2421 841 2456 quam
860 2408 1096 2456 conspirasse
1109 2408 1342 2444 decemviros
1359 2407 1429 2443 cri-

153 2458 319 2495 “minati
342 2457 415 2493 sint
432 2470 440 2502 ;
471 2458 521 2494 ait
540 2470 579 2494 se
600 2472 802 2508 provocare
820 2461 864 2496 ad
881 2461 1057 2509 populum
1074 2474 1081 2496 :
1114 2460 1310 2508 implorare
1326 2459 1428 2508 leges

492 2510 540 2547 9*
