1617 2765
178 171 252 209 114
726 171 816 202 Tm
840 171 949 202 L1vn

176 265 292 303 didit:
350 271 374 289 “
388 265 556 303 Falerios
575 279 614 303 se
635 266 672 303 in
693 279 827 303 manus
856 266 1041 303 Romanis
1069 266 1279 310 tradidisse,
1300 266 1450 314 quando

178 323 202 340 “
219 330 284 354 eos
302 330 449 366 pueros,
470 331 625 366 quorum
644 326 816 366 parentes
832 319 950 366 capita
975 319 1024 355 ibi
1041 331 1164 355 rerum
1181 319 1266 363 sint,
1281 319 1318 354 in
1332 326 1452 367 potes-

179 375 202 392 “
219 376 333 406 tatem
354 370 574 406 dediderit.”
618 369 720 408 Quae
741 370 804 406 ubi
825 370 1008 406 Camillus
1023 371 1176 413 audivit,
1199 377 1223 393 “
1237 370 1325 406 Νοη
1344 370 1389 406 ad
1403 371 1447 406 si·

178 427 202 444 ‘⁴
219 421 385 465 milem‚'’
415 422 547 470 inquit,
570 427 593 444 “
607 422 660 458 tui
681 435 754 458 nec
780 422 956 470 populum
976 435 1048 458 nec
1068 422 1341 470 imperatorem,
1373 435 1453 459 sce-

178 479 202 496 “
218 473 334 509 lestus
367 474 458 522 ipse,
493 486 580 509 cum
611 474 770 510 scelesto
806 486 962 510 munere
999 474 1144 510 venisti.
1211 474 1333 510 Nobis
1362 487 1448 510 cum
1480 485 1497 509 5

178 531 202 547 “
217 524 389 568 Faliscis,
411 538 492 573 quae
512 535 623 574 pacto
652 525 691 562 fit
720 526 896 572 humano,
925 526 1084 562 societas
1113 539 1186 563 non
1216 533 1294 562 est:
1341 539 1451 573 quam

178 577 451 626 “ingeneravit
471 584 617 620 natura,
652 578 817 626 utrisque
846 586 915 624 est,
944 578 1099 626 eritque.
1170 579 1266 614 Sunt
1295 585 1331 614 et
1351 578 1451 621 belli,

177 635 201 651 “
215 630 314 665 sicut
332 629 450 677 pacis,
479 629 590 678 jura:
633 629 805 678 justeque
834 643 891 672 ea,
925 642 1000 666 non
1021 630 1150 667 minus
1168 630 1278 678 quam
1299 629 1451 675 sortiter,

178 681 419 717 “didicimus
450 693 591 729 gerere.
666 681 786 717 Arma
827 682 1021 728 habemus,
1061 695 1135 719 non
1164 682 1341 718 adversus
1369 694 1451 718 eam

177 739 201 755 “
216 740 375 776 aetatem,
407 733 469 769 cui
489 733 602 769 etiam
624 733 743 780 captis
763 733 917 769 urbibus
949 733 1136 780 parcitur3
1179 734 1245 770 sed
1274 734 1452 770 adversus
1469 742 1498 767 ιο

177 791 202 807 “
217 792 377 821 armatos
396 792 433 821 et
453 785 563 832 ipsos,
584 784 661 832 qui,
682 796 754 820 nec
774 784 850 820 laesi
867 797 940 820 nec
959 784 1122 821 lacessiti
1143 798 1164 821 a
1183 785 1304 830 nobis,
1331 793 1453 822 castra

178 836 391 872 “Romana
420 837 466 872 ad
496 836 612 884 Vejos
630 837 906 884 oppugnarunt.
962 835 1039 872 Eos
1058 843 1111 879 tu,
1142 835 1322 885 quantum
1359 837 1394 872 in
1416 844 1452 874 te

178 888 297 931 “suit,
325 901 422 925 novo
441 887 583 924 scelere
616 888 759 924 vicisti:
806 901 876 937 ego
907 888 1092 925 Romanis
1125 888 1276 933 artibus,
1306 888 1451 935 virtute,

177 946 339 989 “opere,
360 940 485 986 armis,
509 940 607 976 sicut
635 940 762 988 Vejos,
792 940 982 977 vincam.”
1038 939 1280 976 Denudatum
1314 940 1452 978 deinde

175 1004 272 1037 eum,
296 993 470 1028 manibus
501 999 583 1040 post
615 999 763 1040 tergum
798 991 961 1041 illigatis,
990 992 1250 1028 reducendum
1284 992 1451 1029 Falerios
1469 1001 1497 1025 15

176 1044 300 1091 pueris
329 1044 504 1088 tradidit,
551 1043 747 1092 virgasque
781 1043 848 1088 eis,
882 1044 1016 1092 quibus
1046 1045 1270 1092 proditorem
1299 1052 1453 1092 agerent

176 1096 213 1132 in
248 1096 377 1132 urbem
415 1096 667 1142 verberantes,
698 1095 813 1132 dedit.
871 1096 930 1132 Ad
960 1096 1057 1144 quod
1078 1096 1333 1144 spectaculum
1364 1109 1454 1133 con-

176 1160 289 1184 cursu
323 1148 448 1197 populi
478 1148 635 1196 primum
668 1147 778 1190 facto,
812 1148 950 1184 deinde
981 1160 1002 1184 a
1032 1148 1309 1196 magistratibus
1337 1148 1383 1184 de
1413 1161 1452 1184 re

176 1201 268 1237 nova
290 1207 421 1236 vocato
441 1207 587 1242 senatu,
608 1206 712 1236 tanta
732 1200 888 1236 mutatio
910 1200 1045 1235 animis
1063 1208 1120 1235 est
1140 1200 1290 1248 injecta,
1313 1208 1363 1244 ut,
1385 1200 1447 1247 qui

175 1250 298 1295 modo,
329 1252 472 1288 efferati
491 1252 578 1288 odio
598 1252 740 1299 iraque,
773 1252 992 1301 Vejentium
1025 1252 1168 1288 exitum
1204 1264 1322 1300 paene,
1343 1252 1498 1299 quam20

176 1303 426 1352 Capenatium
446 1316 592 1353 pacem,
612 1303 777 1349 mallent,
799 1304 897 1352 apud
931 1316 995 1340 eos
1024 1316 1154 1352 pacem
1182 1304 1355 1340 universa
1373 1316 1453 1351 pos-

176 1363 278 1393 ceret
298 1356 440 1393 civitas.
497 1355 613 1392 Fides
646 1355 836 1402 Romana,
864 1356 1007 1404 justitia
1036 1356 1277 1404 imperatoris,
1308 1355 1346 1391 in
1376 1355 1454 1392 foro

175 1415 211 1444 et
241 1408 348 1444 curia
372 1408 634 1451 celebrantur;
677 1420 938 1456 consensuque
966 1407 1133 1444 omnium
1167 1408 1278 1455 legati
1308 1408 1353 1443 ad
1384 1407 1455 1444 Ca-

176 1460 320 1496 millum
341 1460 379 1496 in
399 1469 534 1502 castra,
569 1467 678 1508 atque
699 1459 787 1495 inde
816 1460 998 1508 permissu
1030 1459 1179 1496 Camilli
1210 1460 1374 1496 Romam
1405 1460 1449 1494 ad

175 1520 362 1555 senatum,
382 1512 445 1560 qui
465 1512 648 1548 dederent
677 1511 857 1555 Falerios,
887 1511 1187 1560 proficiscuntur.
1243 1510 1498 1547 Introducti25

176 1564 221 1599 ad
243 1571 414 1600 senatum
435 1564 486 1600 ita
505 1563 619 1600 locuti
639 1563 835 1599 traduntur
853 1576 861 1599 ε
918 1570 942 1585 “
956 1563 1085 1599 Patres
1105 1562 1320 1610 conscripti,
1340 1562 1454 1598 victo-

177 1622 201 1638 “
216 1616 283 1662 rifi,
304 1616 366 1652 cui
382 1628 455 1652 nec
475 1615 580 1652 Deus
600 1627 672 1651 nec
692 1615 803 1652 homo
822 1615 1017 1663 quisquam
1046 1615 1221 1659 invideat,
1242 1614 1332 1650 victi
1353 1627 1374 1650 a
1393 1626 1454 1650 vo-

177 1674 200 1690 “
216 1667 271 1704 bis
292 1675 328 1704 et
348 1668 568 1716 imperatore
591 1674 723 1710 vestro,
745 1667 919 1703 dedimus
935 1679 1002 1703 nos
1021 1666 1146 1710 vobis;
1167 1666 1236 1702 rati
1253 1665 1346 1714 (quo
1358 1666 1449 1702 nihil

177 1726 200 1742 ‘⁶
215 1720 345 1756 victori
364 1720 559 1768 pulchrius
577 1719 648 1769 est)
679 1719 817 1755 melius
838 1732 906 1755 nos
925 1719 994 1755 sub
1013 1718 1170 1778 imperio
1189 1725 1322 1764 vestro,
1342 1716 1453 1765 quam

177 1771 363 1820 “legibus
384 1772 531 1814 nostris,
553 1771 726 1808 victuros.
783 1771 931 1807 Eventu
967 1770 1078 1819 hujus
1108 1770 1194 1806 belli
1215 1770 1289 1806 duo
1317 1769 1453 1805 saluta·
1467 1775 1499 1800 30

176 1823 268 1859 “ria
287 1823 458 1872 exempla
485 1823 632 1872 prodita
664 1823 832 1859 humano
860 1823 991 1871 generi
1020 1829 1118 1858 sunt.
1174 1821 1253 1858 Vos
1271 1821 1383 1857 fidem
1414 1821 1452 1857 in

176 1881 201 1897 “
216 1875 324 1920 bello,
345 1875 455 1924 quam
476 1882 698 1923 praesentem
719 1875 927 1917 victoriam,
948 1873 1151 1910 maluistis:
1181 1886 1260 1918 1105,
1282 1873 1354 1908 fide
1373 1885 1454 1921 pro-

177 1927 348 1969 “vocati‚
368 1927 560 1963 victoriam
590 1926 685 1962 ultro
713 1926 929 1962 detulimus.
988 1925 1068 1961 Sub
1087 1925 1230 1961 ditione
1256 1926 1376 1960 vestra
1396 1937 1454 1960 su-

177 1985 201 2001 “
218 1991 311 2014 mus».
368 1978 522 2020 Mittite,
541 1977 604 2026 qui
626 1989 740 2022 arma,
770 1977 833 2024 qui
865 1976 1028 2021 obsides,
1064 1976 1126 2023 qui
1149 1976 1278 2012 urbem
1298 1976 1455 2024 patenti-

177 2036 201 2053 “
219 2030 288 2066 bus
316 2031 429 2079 portis
448 2030 648 2078 accipiant.
705 2028 790 2065 Nec
811 2041 873 2064 vos
903 2028 988 2064 fidei
1018 2035 1169 2074 nostrae,
1199 2040 1271 2064 nec
1300 2040 1368 2064 nos
1387 2028 1499 2064 im-35

177 2088 201 2105 “
214 2082 307 2130 perii
327 2082 450 2127 vestri,
469 2081 706 2131 poenitebit.”
763 2080 923 2116 Camillo
943 2088 980 2116 et
998 2079 1045 2115 ab
1075 2079 1242 2116 hostibus
1270 2087 1307 2115 et
1326 2092 1347 2115 a
1366 2080 1455 2116 civi-

176 2134 245 2170 bus
264 2135 394 2183 gratim
416 2142 520 2171 actae.
577 2132 747 2177 Faliscis,
768 2132 806 2167 in
826 2132 1053 2180 stipendium
1070 2131 1230 2167 militum
1250 2131 1332 2179 ejus
1351 2131 1454 2178 anni,

176 2192 216 2221 ut
252 2186 410 2234 populus
447 2186 645 2222 Romanus
682 2184 819 2220 tributo
855 2191 1015 2228 vacaret,
1057 2183 1219 2232 pecunia
1262 2183 1453 2231 imperata.

176 2236 278 2273 Pace
299 2238 397 2281 data,
418 2237 607 2274 exercitus
626 2236 789 2272 Romam
810 2235 1000 2272 reductus.

229 2340 425 2377 XXVIII.
473 2340 670 2386 Camillus,
709 2339 861 2376 meliore
894 2338 1013 2375 multo
1046 2339 1170 2382 laude,
1199 2337 1312 2388 quam
1340 2347 1499 2387 quum40

176 2393 472 2442 triumphantem
503 2392 577 2428 albi
608 2404 671 2439 per
691 2391 832 2427 Urbem
853 2399 1030 2428 vexerant
1049 2392 1147 2439 equi,
1177 2391 1334 2440 insignis
1349 2391 1454 2439 justi-

177 2446 230 2482 tia
251 2445 413 2494 fideque,
435 2445 602 2481 hostibus
624 2443 748 2490 victis,
774 2455 888 2491 quum
910 2444 946 2480 in
967 2443 1107 2479 Urbem
1142 2443 1310 2486 redisset,
1342 2442 1453 2478 tacite
