1617 2765
575 170 711 200 LIBER
735 169 771 197 V.
804 177 883 198 CAP.
903 177 985 197 va.
1360 168 1434 204 125

157 264 281 301 “belli
314 277 360 301 ex
379 264 483 300 hoste
513 261 703 298 communi
738 260 920 308 pariendi.
989 259 1090 298 Quae
1127 259 1245 295 effuso
1281 259 1431 307 agmine

157 316 377 359 “adventat,
410 327 504 363 gens
534 321 600 358 est,
635 313 696 348 cui
718 320 850 348 natura
879 324 1035 359 corpora
1054 310 1271 358 animosque
1295 324 1432 359 magna

155 367 311 415 “magis
345 365 456 414 quam
488 365 593 401 firma
622 364 791 400 dederit:
838 364 884 399 eo
917 363 955 399 in
987 370 1179 398 certamen
1208 374 1319 397 omne
1349 364 1432 409 plus

155 424 179 440 ‘⁶
193 418 353 464 terroris,
385 418 496 465 quam
517 416 664 461 virium,
686 416 822 451 ferunt.
883 416 1120 463 Argumento
1139 415 1185 449 sit
1206 413 1333 449 clades
1358 414 1432 450 Ro-

124 475 178 502 5“
192 481 328 505 mana:
371 476 560 517 patentem
595 467 731 516 cepere
770 468 928 510 urbem3
974 479 1022 502 ex
1055 479 1140 502 arce
1170 465 1430 513 Capitolioque

154 520 248 556 “his
266 520 405 569 exigua
436 520 618 556 resistitur
652 532 778 555 manu.
853 518 938 554 Jam
970 518 1177 554 obsidionis
1202 517 1313 553 taedio
1343 518 1430 554 victi

152 578 176 594 “
190 572 409 617 abscedunt,
432 572 589 620 vagique
608 584 673 620 per
702 583 810 619 agros
837 570 1021 618 pellantur,
1052 570 1137 606 cibo
1170 569 1329 616 vinoque
1351 582 1431 617 rap-

152 624 254 660 “tim
288 624 419 660 hausto
451 624 593 672 repleti.
659 622 732 659 Ubi
762 635 835 658 nox
866 622 1018 670 appetit,
1052 634 1165 670 prope
1195 621 1292 656 rivos
1322 633 1431 668 aqua-

151 681 284 721 “rum,
303 676 384 711 sine
404 675 651 717 munimento,
685 674 766 710 sine
795 674 1018 710 stationibus
1051 686 1095 709 ac
1125 673 1318 715 custodiis,
1349 685 1431 720 pas-

107 727 258 763 10“sim
279 727 440 763 ferarum
461 727 532 763 ritu
562 734 791 769 sternuntur,
822 739 924 762 nunc
950 726 996 761 ab
1016 725 1193 761 secundis
1212 724 1325 760 rebus
1353 737 1430 760 ma-

151 778 245 827 “gis
264 779 377 815 etiam
397 779 504 815 solito
523 779 678 814 incauti.
736 778 776 814 Si
798 778 900 814 vobis
920 778 958 813 in
979 777 1104 813 animo
1136 784 1193 813 est
1222 777 1317 812 tueri
1339 790 1430 812 moe-

151 836 174 853 “
188 830 252 866 nia
270 838 402 873 vestra,
424 843 495 866 nec
515 830 590 878 pati
611 830 693 866 haec
711 830 838 866 omnia
867 829 1028 866 Galliam
1048 829 1141 871 fieri,
1162 828 1281 877 prima
1301 829 1429 877 vigilia

151 888 174 904 ‘⁴
188 882 310 930 capite
330 895 433 918 arma
453 882 687 929 frequentes:
728 894 786 917 me
807 881 1007 929 sequimini
1028 881 1073 916 ad
1106 881 1262 922 medem,
1284 893 1359 916 non
1381 881 1427 916 ad

149 939 377 981 “pugnam:
407 934 477 969 nisi
499 934 643 969 vinctos
668 946 811 975 somno,
844 933 943 968 velut
972 933 1150 980 pecudes,
1183 932 1428 968 trucidandos

106 991 135 1015 15
149 985 386 1031 “tradidero,
406 997 480 1021 non
502 997 635 1020 recuso
650 984 825 1019 eumdem
847 985 985 1019 Ardeae
1006 996 1129 1019 rerum
1150 996 1318 1019 mearum
1349 984 1426 1020 exi-

148 1039 171 1058 “
185 1043 276 1081 tum,
293 1049 404 1084 quem
424 1036 559 1072 Romae
579 1035 731 1072 habui.''

197 1139 321 1176 XLV.
367 1139 503 1188 AEquis
536 1139 746 1187 iniquisque
775 1152 994 1188 persuasum
1024 1145 1116 1182 erat,
1154 1145 1299 1175 tantum
1330 1139 1427 1175 bello

146 1190 266 1227 virum
285 1192 478 1228 neminem
498 1204 654 1239 usquam
687 1192 733 1227 eti
752 1199 972 1240 tempestate
1005 1203 1100 1227 esse.
1157 1191 1353 1227 Concione
1374 1191 1427 1226 di-

147 1243 273 1286 missa,
294 1255 449 1292 corpora
464 1251 608 1288 curant,
643 1244 792 1289 intenti,
822 1243 932 1291 qusim
963 1256 1049 1279 mox
1078 1243 1228 1291 signum
1249 1243 1425 1278 daretur:

100 1301 132 1326 20
145 1307 218 1342 quo
247 1295 345 1340 dato,
385 1295 513 1343 primae
546 1295 695 1331 silentio
724 1296 844 1331 noctis
873 1296 919 1330 ad
948 1302 1072 1343 portas
1102 1294 1263 1330 Camillo
1291 1302 1425 1342 praesto

145 1346 264 1384 suere.
339 1347 503 1395 Egressi,
538 1348 636 1383 haud
666 1347 794 1395 procul
822 1347 926 1393 urbe,
957 1347 1054 1382 sicut
1082 1346 1304 1394 praedictum
1333 1354 1424 1392 erat,

144 1406 267 1434 castra
299 1399 506 1445 Gallorum,
535 1399 657 1435 intuta
684 1399 931 1446 neglectaque
969 1399 1015 1434 ab
1043 1398 1145 1434 omni
1175 1405 1279 1446 parte
1310 1399 1424 1441 nacti,

143 1450 305 1486 clamore
326 1450 518 1486 invadunt.
576 1451 774 1498 Nusquam
795 1450 978 1498 proelium,
995 1450 1171 1486 omnibus
1190 1450 1282 1486 locis
1301 1451 1426 1486 caedes

142 1510 224 1545 est3
267 1502 368 1537 nuda
396 1514 551 1549 corpora
579 1510 616 1538 et
644 1503 764 1538 soluta
792 1515 922 1538 somno
942 1502 1199 1538 trucidantur:
1239 1510 1425 1538 extremos

97 1558 266 1589 2⁵tamen
287 1566 398 1601 pavor
418 1554 607 1590 cubilibus
635 1554 712 1589 suis
731 1554 886 1599 excitos,
905 1566 987 1601 quae
1017 1561 1080 1589 aut
1108 1553 1209 1589 unde
1239 1554 1293 1589 vis
1313 1562 1424 1596 esset,

142 1604 304 1653 ignaros,
326 1605 364 1640 in
385 1605 523 1653 fugam,
545 1613 582 1642 et
601 1606 781 1653 quosdam
812 1605 849 1641 in
880 1606 1023 1641 hostem
1046 1606 1167 1654 ipsum
1197 1606 1425 1653 improvidos

142 1656 236 1692 tulit.
310 1655 452 1704 Magna
483 1670 580 1705 pars,
612 1658 649 1693 in
680 1670 811 1705 agrum
833 1657 1028 1693 Antiatem
1048 1657 1173 1703 delati,
1204 1657 1423 1694 incursione

142 1707 189 1743 ab
207 1707 403 1755 oppidanis
423 1708 459 1744 in
489 1709 630 1756 palatos
664 1709 774 1753 facta,
796 1709 1155 1745 circumveniuntur.
1214 1710 1357 1745 Similis
1386 1710 1424 1745 iu

142 1771 230 1807 agro
261 1759 410 1808 Vejenti
440 1759 655 1796 Tuscorum
685 1760 784 1796 facta
812 1767 954 1808 strages
983 1768 1063 1804 est;
1110 1760 1173 1808 qui
1203 1761 1319 1806 urbis,
1345 1761 1421 1809 jam

97 1817 128 1842 30
142 1823 253 1869 prope
279 1811 691 1859 quadringentesimum
713 1824 855 1848 annum
877 1812 1023 1858 vicinae,
1043 1824 1229 1860 oppressae
1250 1813 1296 1847 ab
1317 1813 1422 1848 hoste

140 1862 328 1899 invisitato
347 1863 604 1911 inauditoque,
625 1863 720 1899 adeo
754 1864 846 1899 nihil
868 1864 1023 1900 miseriti
1050 1871 1149 1907 sunt,
1171 1871 1210 1900 ut
1231 1864 1269 1900 in
1290 1877 1421 1913 agrum

139 1913 357 1951 Romanum
377 1927 423 1951 eo
443 1922 608 1963 tempore
629 1915 865 1951 incursiones
885 1915 1065 1961 facerent,
1090 1916 1264 1964 plenique
1285 1917 1420 1964 praedae

144 1966 254 2024 Vejos
273 1967 400 2010 etiam,
421 1967 710 2016 praesidiumque
730 1974 768 2003 et
786 1980 890 2016 spem
912 1968 1080 2004 ultimam
1111 1968 1280 2004 Romani
1303 1969 1422 2004 nomi-

138 2018 210 2061 nis,
230 2018 269 2055 in
299 2019 426 2055 animo
456 2019 656 2055 habuerint
683 2032 912 2069 oppugnare.
970 2020 1155 2056 viderant
1184 2033 1248 2056 eos
1284 2021 1421 2057 milites

93 2069 317 2117 35Romani,
337 2078 515 2119 vagantes
533 2084 598 2119 per
617 2084 725 2120 agros
745 2079 782 2107 et
801 2080 1050 2120 congregatos
1070 2072 1233 2121 agmine,
1254 2073 1419 2120 praedam

137 2134 212 2170 prae
232 2135 271 2158 se
292 2130 468 2172 agentes3
507 2131 544 2159 et
560 2130 682 2160 castra
701 2124 908 2160 cernebant
929 2125 1027 2160 haud
1048 2124 1176 2172 procul
1198 2124 1303 2173 Vejis
1323 2125 1420 2172 posi-

137 2180 186 2210 ta.
252 2173 347 2210 Inde
376 2174 536 2223 primum
574 2176 762 2212 miseratio
791 2176 861 2219 sui,
891 2176 1029 2212 deinde
1059 2176 1276 2225 indignitas,
1309 2184 1418 2224 atque

137 2237 185 2260 ex
213 2226 256 2260 ea
276 2225 330 2262 ira
348 2227 492 2263 animos
511 2227 622 2276 cepit.
681 2234 704 2250 “
723 2228 943 2264 Etruscisne
973 2228 1100 2271 etiam,
1135 2241 1157 2264 a
1185 2228 1323 2276 quibus
1344 2229 1419 2264 bel-

139 2276 255 2312 “lum
275 2277 462 2315 Gallicum
483 2279 520 2315 in
534 2292 573 2315 se
593 2280 825 2323 avertissent,
846 2280 1007 2316 ludibrio
1026 2293 1108 2316 esse
1125 2280 1252 2316 clades
1267 2293 1354 2316 suas
1369 2282 1382 2316 T
1395 2281 1417 2296 ⁷'

93 2334 125 2360 ⁴⁰
139 2328 215 2365 Vix
237 2332 490 2377 temperauere
511 2331 659 2378 animis,
678 2333 768 2380 quin
789 2332 978 2390 extemplo
1011 2332 1191 2380 impetum
1222 2332 1415 2369 facerent:

137 2381 415 2428 compressique
435 2394 456 2417 a
475 2382 642 2420 Caedicio
662 2385 896 2431 centurione,
929 2397 1040 2433 quem
1061 2384 1240 2421 sibimet
1232 2385 1301 2433 ipsi
1321 2398 1416 2433 prce-

139 2431 316 2478 fecerant,
339 2445 416 2469 rem
437 2433 474 2470 in
508 2441 657 2505 nockem
687 2437 908 2473 sustinuere.
965 2436 1135 2473 Tantum
1169 2449 1234 2485 par
1254 2436 1415 2472 Camillo

533 2486 576 2521 ll
