1617 2765
580 165 720 197 LIBER
744 166 807 196 111.
852 174 932 196 CAP.
950 175 1033 196 va.
1397 168 1448 207 91

162 256 278 295 biduo
298 259 514 303 affuturum,
535 259 566 295 si
587 260 801 296 nuntiatum
834 260 868 296 ei
889 260 957 305 sit3
997 260 1168 309 iniquum
1199 274 1294 305 esse,
1317 262 1451 299 absen-

161 316 238 346 tem
258 311 305 347 de
324 312 451 348 liberis
471 312 653 348 dimicare
670 325 678 357 ;
719 313 921 361 postulant,
955 319 995 349 ut
1015 325 1093 349 rem
1121 313 1306 361 integram
1330 315 1365 350 in
1386 328 1450 363 pa-

160 362 226 398 tris
246 362 448 400 adventum
470 364 644 409 disseram
691 365 775 414 lege
810 367 856 401 ab
876 365 955 413 ipso
986 365 1061 401 lata
1095 365 1280 401 vindicias
1310 366 1371 402 (let
1394 380 1450 404 se-

160 414 328 451 cundum
358 415 597 461 libertatem3
637 429 712 453 neu
732 417 906 466 patiatur,
938 416 1121 466 virginem
1142 417 1310 454 adultam
1340 418 1448 455 fainae

129 464 273 514 5pritiS,
293 467 404 516 quam
423 468 619 517 libertatis,
639 469 850 518 periculum
871 469 986 505 adire.

210 571 334 611 XLV.
374 574 534 623 Appius,
563 575 717 612 decreto
736 575 923 624 praefatus,
943 576 968 597 ‘4
985 574 1098 624 quam
1118 575 1281 612 libertati
1303 575 1446 620 faverit,

157 622 183 644 “
197 636 280 662 eam
302 625 420 675 ipsam
439 628 563 677 legem
584 628 791 671 declarare,
813 641 925 676 quam
959 628 1124 677 Virginii
1155 628 1267 664 amici
1288 628 1450 677 postula-

156 675 181 696 “
199 677 291 715 tioni
312 692 389 716 suae
418 681 665 728 praetendant.
724 679 911 717 Caeteriim
926 681 984 717 ita
1012 681 1049 717 in
1080 682 1123 716 ea
1154 680 1304 717 firmum
1337 681 1449 717 liber-

157 728 181 749 “
198 730 263 766 tati
286 730 361 768 sore
381 733 610 781 praesidium,
632 733 662 769 si
682 746 754 769 nec
787 733 913 769 causis
932 745 1005 769 nec
1025 733 1196 781 personis
1216 733 1344 769 variet.
1402 733 1448 770 In

115 791 144 816 10
158 781 181 801 “
199 782 256 818 his
274 784 390 828 enim,
420 798 502 833 quie
532 792 746 822 asserantur
776 785 813 821 in
844 785 1068 829 libertatem,
1098 786 1186 833 quia
1214 785 1335 833 quivis
1364 785 1448 834 lege

157 834 181 854 ⁴‘
199 847 311 884 agere
341 838 469 885 possit,
499 838 536 874 id
561 837 658 886 juris
679 850 761 874 esse
780 850 787 873 ς
819 837 856 873 in
877 838 936 881 ea,
957 851 1039 886 quae
1060 838 1098 874 in
1118 838 1234 886 patris
1254 850 1368 873 manu
1389 838 1446 884 sit,

158 887 390 925 “neminem
429 902 512 926 esse
551 890 678 933 alium,
723 890 784 926 cui
827 890 1003 926 dominus
1043 890 1279 939 possessione
1323 890 1446 927 cedat.

157 939 182 959 a<
200 939 354 977 Placere
376 942 500 989 itaque
520 949 663 990 patrem
685 942 823 978 arcessi
843 954 850 978 :
898 942 1042 978 interea
1064 943 1158 990 juris
1178 943 1235 978 sui
1259 942 1445 991 jacturam

156 991 180 1012 “
198 999 422 1029 assertorem
442 1006 517 1030 non
540 994 678 1040 facere,
707 994 796 1042 quin
818 994 934 1030 ducat
962 994 1138 1042 puellam,
1159 994 1446 1042 sistendamque

113 1053 144 1077 15
157 1044 180 1065 ‘⁶
198 1043 235 1079 in
257 1044 460 1082 adventum
481 1046 575 1095 ejus,
608 1046 671 1094 qui
706 1053 809 1094 pater
830 1046 989 1091 dicatur,
1011 1046 1244 1094 promittat.'⁷
1302 1046 1448 1083 Adver-

156 1108 220 1132 sus
241 1096 415 1146 injuriam
436 1099 577 1135 decreti
599 1111 714 1147 quum
736 1099 841 1135 multi
856 1099 976 1147 magis
990 1098 1206 1145 fremerent,
1219 1097 1332 1147 quam
1348 1098 1448 1146 quis-

156 1161 268 1197 quam
289 1163 386 1187 unus
401 1164 579 1188 recusare
599 1152 781 1195 auderet3
831 1151 872 1188 P.
895 1151 1145 1198 Numitorius,
1175 1151 1310 1199 puellae
1331 1164 1447 1187 avun-

157 1201 277 1248 culus,
298 1209 336 1239 et
355 1216 514 1252 sponsus
543 1203 688 1247 Icilius,
721 1203 999 1240 interveniunt:
1047 1204 1210 1252 dataque
1241 1204 1338 1240 inter
1370 1210 1447 1240 tur-

157 1253 241 1290 bam
265 1255 337 1303 via,
357 1269 472 1305 quum
493 1256 694 1293 multitudo
710 1256 807 1292 Icilii
823 1255 985 1292 maxime
1000 1256 1214 1293 interventu
1230 1256 1352 1292 resisti
1365 1269 1447 1304 pos-

110 1313 143 1339 20
158 1318 198 1342 se
218 1308 344 1356 Appio
364 1309 548 1353 crederet,
568 1309 677 1345 lictor
706 1311 728 1330 ‘⁴
747 1309 921 1345 decresse
935 1309 958 1325 '’
979 1308 1052 1345 ait:
1099 1308 1446 1356 vociferantemque

158 1357 310 1397 Icilium
330 1362 536 1399 submovet.
595 1361 792 1398 Placidum
826 1374 974 1409 quoque
1008 1361 1205 1410 ingenium
1235 1368 1311 1397 tam
1341 1368 1446 1398 atrox

157 1412 296 1460 injuria
315 1415 565 1451 accendisset.
622 1416 645 1436 ‘⁶
665 1414 782 1450 Ferro
815 1414 905 1450 hinc
936 1414 1003 1450 tibi
1033 1414 1314 1450 submovendus
1348 1425 1443 1459 sum,

155 1464 180 1486 “
197 1465 339 1514 Appi,''
361 1467 494 1515 inquit,
515 1468 538 1488 “
556 1474 597 1503 ut
611 1466 767 1503 tacitum
787 1466 896 1512 feras,
910 1466 1007 1514 quod
1021 1466 1136 1502 celari
1151 1466 1215 1502 vis.
1245 1466 1445 1514 Virginem

154 1515 266 1568 “ego
294 1519 393 1556 hanc
422 1532 505 1556 sum
535 1519 731 1562 ducturus,
762 1525 918 1566 nuptam
954 1518 1207 1567 pudicamque
1236 1518 1446 1554 habiturus.

109 1568 178 1600 25“
196 1570 358 1608 Proinde
378 1584 511 1608 omnes
539 1571 769 1620 collegarum
791 1583 938 1619 quoque
966 1571 1119 1607 lictores
1145 1582 1336 1615 convoca3
1380 1583 1446 1607 ex-

155 1621 179 1643 “
196 1623 315 1671 pediri
335 1624 457 1672 virgas
476 1631 514 1660 et
532 1636 685 1660 secures
702 1623 793 1672 jube
812 1636 820 1658 :
867 1636 943 1660 non
976 1623 1146 1660 manebit
1164 1630 1270 1659 extra
1289 1623 1444 1659 domum

154 1674 179 1696 ‘⁴
196 1675 312 1723 patris
332 1688 469 1724 sponsa
487 1676 599 1713 Icilii.
657 1676 757 1721 Non,
780 1676 809 1712 si
829 1676 1076 1712 tribunicium
1107 1675 1287 1711 auxilium
1309 1682 1346 1712 et
1363 1688 1446 1724 pro·

155 1726 179 1748 “
196 1728 443 1774 vocationem,
464 1728 565 1777 plebi
595 1729 782 1765 Romanae
816 1728 910 1764 duas
940 1741 1046 1764 arces
1076 1728 1258 1763 libertatis
1278 1728 1444 1773 tuendae,

154 1780 179 1802 “
196 1780 403 1824 ademistis,
426 1781 510 1818 ideo
531 1781 569 1817 in
588 1781 726 1817 liberos
750 1792 899 1828 quoque
920 1787 1064 1817 nostros
1085 1779 1342 1828 conjugesque
1362 1792 1446 1828 reg-

110 1836 142 1862 30
154 1832 286 1869 “num
316 1840 447 1870 vestrae
476 1833 624 1869 libidini
653 1834 781 1869 datum
802 1840 870 1868 est.
928 1832 1064 1868 Saevite
1094 1832 1131 1868 in
1162 1839 1310 1880 tergum
1339 1839 1376 1868 et
1405 1833 1444 1869 in

154 1885 179 1907 “
195 1885 364 1922 cervices
383 1892 550 1922 nostras:
583 1885 769 1934 pudicitia
788 1885 920 1921 saltem
942 1885 980 1920 in
1000 1891 1080 1921 tuto
1099 1884 1157 1920 sit.
1215 1884 1319 1920 Huic
1339 1884 1370 1920 si
1390 1885 1445 1921 vis

153 1938 178 1960 ‘⁴
194 1938 383 1985 afferetur,
403 1950 475 1987 ego
493 1938 736 1986 praesentium
755 1936 968 1975 Quiritium
988 1950 1054 1986 pro
1077 1937 1225 1985 sponsa,
1247 1936 1445 1986 Virginius

153 1991 179 2015 ‘⁵
194 1991 355 2028 militum
374 2003 441 2039 pro
460 1990 577 2027 unica
597 1990 687 2036 filia,
719 2002 852 2026 omnes
883 1989 1050 2026 Deorum
1072 1989 1356 2037 hominumque,
1378 1988 1445 2025 im-

153 2045 178 2066 “
195 2043 425 2092 plorabimus
458 2042 594 2079 fidem:
638 2055 761 2090 neque
784 2048 824 2078 tu
844 2042 943 2078 istud
963 2055 1128 2090 unquam
1143 2042 1341 2078 decretum
1361 2041 1443 2078 sine

109 2096 298 2133 ³⁵“eaede
328 2095 456 2132 nostra
485 2095 637 2132 referes.
693 2094 859 2138 Postulo,
891 2094 1005 2143 Appi,
1036 2094 1150 2130 etiam
1188 2101 1298 2142 atque
1328 2094 1444 2130 etiam

154 2149 179 2170 “
195 2148 425 2191 consideres,
458 2149 531 2196 quo
562 2147 814 2197 progrediare.
871 2146 1071 2195 Virginius
1100 2146 1247 2189 viderit,
1276 2146 1323 2182 de
1353 2146 1442 2192 filia,

154 2202 178 2223 (ί
196 2200 260 2236 ubi
279 2200 435 2244 venerit,
456 2200 545 2249 quid
566 2208 664 2249 agat.
723 2199 809 2235 Hoc
839 2199 990 2236 tantitm
1022 2199 1130 2242 sciat,
1162 2199 1246 2241 sibi,
1279 2199 1309 2235 si
1330 2199 1443 2248 hujus

154 2255 178 2276 “
195 2252 368 2288 vindiciis
387 2253 557 2296 cesserit,
578 2252 836 2290 conditionem
857 2251 942 2287 filiae
961 2251 1203 2299 quaerendain
1223 2264 1306 2287 esse
1324 2263 1332 2287 τ
1368 2263 1442 2298 me,

154 2304 453 2341 “vindicantem
490 2318 665 2354 sponsam
703 2304 742 2341 in
778 2304 1003 2348 libertatem,
1034 2304 1109 2340 vita
1137 2302 1250 2340 citius
1279 2304 1441 2349 deseret,

109 2358 178 2384 ‘¹⁰“
193 2355 305 2407 quam
327 2355 456 2393 fides.”
