1617 2765
177 177 228 215 58
713 173 802 204 TlTI
827 173 937 203 LIVII

177 271 423 308 impetraverunt
439 270 476 300 ab
493 279 542 304 ρο,
560 273 592 299 nt
611 269 780 298 recederet
827 272 881 296 Lex
896 273 1000 303 agraria
1015 273 1128 303 primum
1142 272 1197 297 lata
1206 275 1256 297 est.
1293 273 1340 304 Sp.
1351 272 1461 297 Cassius

177 311 326 337 consularis
340 311 412 342 regni
426 311 536 335 crimine
549 311 690 334 damnatus
679 318 727 333 es
717 313 750 339 at,
766 318 797 333 ns*
801 316 877 335 cisitu
881 320 939 342 que.
975 312 1071 343 Oppia,
1093 312 1149 338 ’,ἦτε
1151 320 1166 335 0
1188 312 1319 343 Vestalis,
1333 312 1384 336 ob'
1379 320 1463 337 inces-

177 349 235 369 tum
248 351 309 368 vtva
322 344 381 367 deso
375 351 427 367 issa
440 349 491 368 cst.
528 344 619 369 anin
633 342 712 366 vicini
729 343 760 366 bo
763 346 801 365 stt
790 352 817 367 vs
846 345 969 375 chentes
989 339 1147 368 incommodi
1171 345 1254 375 magis
1276 345 1354 376 quem
1368 352 1462 375 grates

177 381 277 408 essent,
288 376 391 401 familia
404 376 547 401 Fabiorum
559 376 583 400 id
598 375 696 399 mltum
710 376 871 406 gerendum(
865 378 930 407 depo
934 385 979 407 pos
960 377 1039 401 ›cit·
1034 377 1177 408 misitque
1193 377 1218 401 in
1233 378 1256 401 id
1272 382 1403 401 trecentos
1416 385 1462 402 sex

178 413 305 440 armatos,
318 409 363 441 qui
377 409 409 433 ud
422 410 574 433 Cremeram
586 409 618 432 ad
632 415 715 432 nnnni
726 408 759 431 ab
772 409 818 433 bos
822 409 861 433 tib
855 417 892 433 »sn
901 417 950 433 cres
954 409 981 433 i
975 396 1046 440 ⁸²³,unt
1060 418 1112 433 uno
1124 410 1260 449 impubere
1274 411 1344 434 domi
1357 410 1461 434 relicto.

177 442 231 473 Ap.
244 442 372 467 Claudius
393 442 497 472 consul,
520 449 600 473 ouum
618 442 743 465 adversus
766 440 787 463 V
792 442 830 465 ols
834 450 877 466 cos
899 443 1069 466 contumacia
1082 442 1218 466 exercitas
1233 443 1301 467 mule
1315 451 1365 473 png³
1360 447 1462 467 natum

177 479 259 506 esset,
272 474 406 499 decimum
419 482 548 506 quemque
561 474 674 498 militum
690 474 729 497 sus
719 478 758 497 stc
779 481 885 504 percuss
875 475 919 499 it.
957 475 1010 499 Res
1030 479 1157 506 praeteren
1177 476 1271 499 adxcrs
1275 483 1317 499 um
1340 476 1462 507 V‚olscos

176 511 204 532 et
226 507 280 539 AEq
282 515 340 538 uos,
363 511 391 531 et
416 507 559 538 Vejentes,
586 511 614 530 et
635 506 778 530 seditiones
801 507 870 531 inter
894 508 988 532 Patres
1021 508 1178 539 plebemque
1202 493 1463 541 continet.[Cu1›.

179 547 294 565 ι-ιιν.
330 547 358 564 υ.
373 547 401 563 c.
412 540 502 564 245—
510 540 568 564 986.
607 547 634 563 A.
648 547 674 564 c.
685 539 856 572 507-46t3.]

229 651 261 689 Ι.
308 650 454 689 Lrssssm
482 651 559 701 jam
590 650 680 687 hinc
710 651 835 700 populi
870 650 1036 688 Romani
1070 662 1143 694 res,
1177 662 1270 699 pace
1291 649 1509 703 belloque'-

176 711 314 753 gestas,
352 717 498 740 annuos
534 703 785 752 magistratus,
822 704 1050 752 imperiaque
1086 703 1211 751 legum
1256 702 1492 750 potentiora
1486 717 1502 732 o

177 769 290 804 quam
321 757 530 801 hominum,
560 768 750 804 peragam.
806 756 907 794 Quae
946 756 1098 791 libertas
1134 761 1174 790 ut
1203 754 1319 790 laetior
1352 761 1462 799 esset,
1485 756 1509 788 ’ἒ

176 809 335 857 proximi
356 808 455 857 regis
475 807 650 856 superbia
670 807 811 844 fecerat
829 820 837 843 :
880 819 967 843 nam
1001 806 1142 856 priores
1173 806 1223 843 ita
1243 806 1462 854 regnarunt,
1486 808 1493 815 “

178 867 218 897 ut
238 861 338 897 haud
359 860 545 897 immerito
565 872 697 896 omnes
716 860 898 908 deinceps
931 859 1146 896 conditores
1180 859 1340 907 partium
1361 860 1463 894 certe

177 913 292 959 urbis,
313 926 405 962 quas
425 925 540 949 novas
561 912 629 960 ipsi
650 913 759 949 sedes
789 913 835 948 ab
855 925 895 948 se
916 919 1037 948 auctae
1058 911 1290 947 multitudini
1311 911 1465 946 addide-
1486 933 1510 949 ω

177 973 276 1009 runt,
298 974 567 1002 numerentur:
597 977 718 1012 neque
739 965 955 1013 ambigitur,
976 964 1066 1012 quin
1088 964 1226 999 Brutus
1247 963 1360 1006 idem,
1395 963 1458 1010 qui

177 1024 323 1054 tantum
343 1018 483 1067 gloriae,
505 1017 677 1065 Superbo
706 1025 841 1053 exacto
861 1030 961 1066 rege,
993 1017 1141 1061 meruit,
1163 1015 1325 1064 pessimo
1344 1015 1465 1064 publi-

178 1083 224 1107 co
244 1071 281 1107 id
302 1070 470 1107 facturus
490 1069 614 1113 suerit,
648 1070 679 1106 si
709 1069 891 1106 libertatis
926 1070 1135 1105 immaturae
1169 1067 1348 1116 cupidine
1370 1067 1466 1116 prio-

178 1135 259 1159 rum
281 1135 413 1171 regum
434 1122 548 1158 alicui
582 1134 741 1170 regnum
762 1122 990 1158 extorsisset.
1045 1121 1154 1160 Quid
1175 1121 1275 1156 enim
1298 1120 1464 1156 futurum
1481 1134 1511 1158 10

179 1175 260 1221 fuit,
295 1175 325 1210 si
359 1174 423 1210 illa
454 1181 645 1222 pastorum
677 1186 1006 1221 convenarumque
1040 1173 1157 1221 plebS‚
1194 1172 1387 1220 transfuga
1419 1185 1467 1209 ex

154 1227 256 1263 -suis
275 1227 434 1275 populis,
470 1226 540 1262 sub
573 1226 690 1262 tutela
723 1226 888 1262 inviolati
922 1225 1050 1273 templi
1082 1232 1145 1260 aut
1172 1224 1382 1260 libertatem
1403 1231 1467 1261 aut

179 1280 280 1316 certe
299 1279 562 1327 impunitatem
583 1278 730 1327 adepta,
752 1278 874 1315 soluta
896 1278 1000 1326 regio
1026 1284 1143 1323 metu,
1175 1277 1306 1325 agitari
1341 1283 1468 1325 coepta

179 1338 279 1368 esset
298 1331 512 1367 tribuniciis
531 1331 731 1379 procellis;
772 1338 811 1367 et
837 1331 875 1367 in
910 1330 1034 1366 aliena
1065 1329 1157 1366 urbe
1183 1341 1271 1365 cum
1294 1328 1468 1365 Patribus

179 1396 304 1420 serere
335 1383 558 1430 certamina,
591 1383 809 1432 priusquam
840 1382 998 1431 pignora
1028 1381 1235 1430 conjugum
1259 1393 1303 1417 ac
1334 1380 1512 1419 libero-15

179 1449 276 1479 rum,
297 1436 508 1484 caritasque
535 1435 651 1484 ipsius
681 1436 763 1482 soli,
797 1435 859 1472 cui
889 1435 1003 1483 longo
1035 1440 1203 1482 tempore
1224 1433 1466 1476 assuescitur,

180 1488 326 1525 animos
345 1501 476 1524 eorum
496 1488 780 1524 consociasset?
836 1487 1037 1535 Dissipatae
1056 1499 1116 1522 res
1135 1486 1304 1522 nondum
1330 1485 1466 1521 adultae

180 1540 371 1576 discordia
404 1540 548 1584 forent3
591 1553 683 1588 quas
714 1540 803 1576 fovit
832 1539 1032 1587 tranquilla
1060 1537 1267 1574 moderatio
1304 1537 1466 1585 imperii,

180 1591 302 1651 eoque
316 1592 519 1628 nutriendo
535 1592 721 1641 perduxit,
736 1599 776 1628 ut
788 1592 925 1628 bonam
947 1591 1093 1639 frugem
1106 1589 1290 1626 libertatis
1310 1589 1468 1625 maturis

176 1645 255 1694 jam
276 1645 416 1681 viribus
436 1644 531 1680 ferre
550 1651 713 1693 possent.
771 1644 974 1680 Libertatis
1004 1651 1130 1679 autem
1162 1641 1347 1691 originem
1379 1641 1467 1677 inde
1480 1654 1514 1679 20

180 1697 314 1745 magis,
335 1697 423 1744 quia
443 1709 610 1733 annuum
634 1697 832 1754 imperium
862 1695 1060 1733 consulare
1095 1695 1237 1731 factum
1263 1701 1332 1737 est,
1353 1706 1468 1742 quam

179 1749 278 1797 quod
299 1749 537 1785 deminutum
558 1749 763 1807 quidquam
784 1748 831 1785 sit
860 1761 908 1784 ex
937 1748 1039 1797 regia
1060 1754 1256 1798 potestate,
1278 1758 1466 1783 numeres.

180 1802 323 1838 Omnia
346 1802 444 1850 jura,
474 1802 603 1838 omnia
642 1801 807 1860 insignia
838 1801 948 1850 primi
976 1800 1151 1837 consules
1183 1800 1351 1836 tenuere.
1422 1797 1467 1834 Id

179 1853 292 1890 modo
312 1861 466 1890 cautum
487 1860 555 1897 est,
590 1866 652 1896 ne,
684 1854 714 1889 si
735 1853 845 1890 ambo
876 1853 997 1889 fasces
1027 1853 1223 1898 haberent,
1254 1851 1468 1899 duplicatus

181 1913 299 1942 terror
320 1906 520 1942 videretur.
577 1905 717 1942 Brutus
745 1905 857 1954 prior,
878 1905 1115 1941 concedente
1150 1882 1310 1952 collega,
1348 1903 1513 1939 fasces25

180 1958 312 1995 habuit
330 1971 337 1994 :
366 1958 430 2006 qui
450 1971 525 1994 non
547 1957 667 1994 aerior
688 1957 826 1993 vindex
844 1957 1026 1993 libertatis
1046 1957 1179 1998 fuerat,
1196 1968 1306 2003 quam
1328 1955 1467 1991 deinde

180 2018 308 2047 custos
328 2010 409 2047 fuit.
466 2010 650 2046 Omnium
671 2010 833 2058 primum
854 2010 1005 2045 avidum
1026 2021 1130 2045 novae
1151 2008 1332 2044 libertatis
1354 2020 1469 2056 popu-

179 2063 271 2106 lum,
292 2076 341 2099 ne
360 2063 598 2111 postmodum
619 2062 719 2098 flecti
752 2062 929 2110 precibus
962 2069 1027 2098 aut
1059 2060 1169 2097 donis
1194 2060 1308 2108 regiis
1328 2066 1465 2108 posset,

176 2115 422 2164 jurejurando
442 2115 582 2164 adegit,
603 2114 795 2151 neminem
816 2115 951 2151 Romae
971 2126 1144 2162 passuros
1164 2125 1334 2160 regnare.
1391 2111 1468 2147 De-

180 2168 283 2214 inde,
314 2167 388 2215 quo
421 2168 505 2216 plus
535 2167 669 2204 virium
707 2167 746 2203 in
784 2174 918 2202 senatu
950 2165 1159 2214 frequentia
1190 2165 1303 2200 etiam
1324 2164 1468 2200 ordinis
1481 2176 1513 2200 3ο

181 2219 335 2263 faceret,
369 2220 538 2256 caedibus
564 2220 663 2268 regis
695 2219 933 2255 deminutum
967 2218 1116 2254 Patrum
1153 2229 1366 2263 numerum,
1397 2216 1469 2265 pri-

180 2272 347 2308 moribus
377 2272 562 2320 equestris
591 2271 728 2320 grados
761 2271 882 2314 lectis,
917 2271 963 2306 ad
993 2277 1247 2306 trecentorum
1280 2281 1467 2305 summam

180 2324 344 2372 explevit
361 2337 369 2360 ε
399 2325 652 2371 traditumque
673 2323 761 2359 inde
775 2323 903 2369 fertur,
921 2330 961 2359 ut
981 2323 1019 2358 in
1035 2329 1208 2358 senatum
1230 2328 1467 2367 vocarentur,

181 2376 243 2424 qui
265 2376 407 2419 Patres,
428 2376 565 2424 quique
586 2376 789 2423 conscripti
824 2382 974 2411 essent:
1017 2375 1255 2422 conscriptos,
1277 2373 1466 2415 videlicet,

182 2441 218 2465 in
241 2441 379 2464 novum
399 2435 571 2464 senatum
592 2428 831 2475 appellabant
863 2427 992 2463 lectos.
1049 2426 1094 2462 Id
1128 2426 1264 2462 mirum
1284 2423 1513 2473 quantumaa

182 2480 320 2528 profuit
340 2480 386 2517 ad
407 2480 652 2518 concordiam
682 2479 857 2524 civitatis,
885 2479 1177 2529 jungendosque
1197 2477 1372 2515 Patribus
1393 2475 1468 2525 ple-

184 2532 240 2570 bis
259 2532 416 2570 animos.

1486 893 1503 920 ‘3
1486 850 1502 878 'V

1477 950 1511 1004 [zo
