1617 2765
133 170 212 207 258
404 168 495 200 TITI
519 168 630 200 L1v11
654 167 792 199 LIBER
814 167 973 199 XXXIV.
1012 176 1092 200 CAP.
1111 177 1193 198 V111.

134 264 398 301 “muliebrem
427 271 464 301 et
493 263 747 301 secessionem
777 263 1010 312 appellando.
1077 262 1122 298 Id
1142 261 1244 298 enim
1273 261 1419 310 pericu-

134 319 157 339 “
175 317 252 354 lum
273 324 340 363 est,
361 329 409 353 ne
431 317 591 353 Sacrum
621 323 800 361 montem,
834 316 933 352 sicut
965 315 1152 363 quondam
1187 314 1280 351 irata
1299 314 1416 362 plebs,

133 371 240 407 “aut
259 369 490 406 Aventinum
511 368 673 418 capiant.
732 368 956 405 Patiendum
991 367 1080 404 huic
1110 361 1319 404 infirmitati
1348 374 1418 408 est,

134 424 158 445 “
175 423 439 471 quodcumque
459 434 523 458 vos
541 420 790 458 censueritis:
828 420 902 469 quo
930 419 1012 469 plus
1039 421 1206 469 potestis,
1235 417 1281 457 ἐό
1295 420 1420 457 mode-

133 477 158 498 “
173 474 288 512 ratius
308 474 464 523 imperio
483 474 537 510 uti
557 473 738 510 debetis.'’
1448 477 1465 502 ⁵

186 579 301 617 VIII.
345 578 441 615 Haec
461 590 576 626 quum
597 584 728 614 contra
746 577 868 626 legem
888 590 1029 626 proque
1057 577 1141 627 lege
1160 577 1263 614 dicta
1281 584 1420 624 essent,

136 630 326 681 aliquanto
347 630 463 679 major
484 629 693 678 frequentia
713 630 911 666 mulierum
931 638 1079 678 postero
1098 630 1159 667 die
1171 643 1254 666 sese
1274 630 1311 667 in
1328 629 1421 679 pub-

134 686 249 722 licum
288 683 445 727 effudit;
493 694 643 730 unoque
673 682 824 731 agmine
851 694 984 718 omnes
1011 682 1246 719 tribunorum
1285 682 1421 731 januas

133 737 375 781 obsederunt,
405 735 467 784 qui
504 735 734 782 collegarum
777 733 962 783 rogationi
991 733 1306 771 intercedebant:
1349 747 1421 770 nec

135 789 221 826 ante
269 788 507 834 abstiterunt,
544 786 658 835 quam
700 786 858 823 remissa
902 785 1124 823 intercessio
1169 787 1215 822 ab
1261 786 1422 823 tribunis
1439 791 1467 817 10

134 848 244 878 esset.
302 840 420 877 Nulla
454 840 593 876 deinde
631 839 816 876 dubitatio
845 838 926 884 fuit,
955 838 1045 887 quin
1074 851 1207 876 omnes
1226 838 1344 875 tribus
1372 838 1424 875 le-

134 907 221 983 ¹¹grem
251 893 487 943 abrogarent.
545 892 661 929 Anno
686 891 866 929 vicesimo
893 892 978 940 post
1006 891 1185 941 abrogata
1212 898 1280 938 est,
1309 890 1422 940 quam

151 955 222 983 ata.
280 973 447 983 .....

444 1168 611 1194 ΕΡΙΤΟΜΕ
629 1168 731 1194 LIBR1
749 1167 949 1194 TRICESIMI
968 1168 1119 1195 QUINTI.

170 1256 199 1282 P.
215 1256 314 1281 Semo
330 1254 484 1287 Africanus,
503 1254 608 1287 legatus
626 1254 658 1279 ad
679 1253 855 1286 Antiochum,
866 1253 970 1286 Ephesi
983 1261 1043 1279 curn
1056 1252 1222 1284 Hannibale,
1235 1251 1279 1284 qui
1292 1259 1319 1277 se
1332 1252 1427 1278 Antio-

137 1290 190 1315 cho
198 1290 336 1322 junxerat,
348 1287 498 1313 collocutus
507 1292 548 1312 est
559 1296 567 1320 3
580 1291 619 1319 ut,
628 1287 650 1312 si
662 1287 721 1312 fieri
733 1292 831 1319 posset,
841 1291 940 1312 metum
950 1287 986 1318 ei,
997 1294 1074 1319 quem
1082 1294 1114 1311 ex
1125 1286 1224 1318 populo
1235 1285 1355 1310 Romano
1365 1293 1427 1310 con-

139 1326 258 1354 ceperat,
266 1321 406 1346 eximeret.
426 1321 500 1346 Inter
510 1320 564 1345 alia
575 1328 656 1352 quum
664 1324 806 1352 quaereret,
817 1328 895 1352 quem
909 1320 990 1345 fuisse
1000 1319 1145 1344 maximum
1156 1319 1341 1349 imperatorem
1353 1318 1427 1342 Han·

139 1355 212 1380 nibal
224 1355 354 1385 crederet,
367 1353 504 1385 respondit
516 1362 523 1378 ι
542 1353 728 1378 Alexandrum
742 1352 920 1378 Macedonum
933 1360 1029 1384 regem,
1042 1352 1109 1384 quod
1122 1352 1205 1383 parva
1217 1358 1297 1376 manu
1308 1351 1428 1375 innume—

139 1388 236 1414 rabiles
246 1387 381 1412 exercitus
395 1386 510 1412 fudisset
521 1394 530 1418 3
547 1386 666 1418 quodque
680 1385 790 1410 ultimas
801 1393 874 1417 oras,
887 1393 954 1418 quas
967 1385 1050 1409 visere
1061 1392 1141 1415 supra
1152 1392 1225 1415 spem
1235 1384 1376 1409 humanam
1387 1391 1428 1408 es-

139 1425 192 1452 set,
204 1420 382 1452 peragrasset.
407 1419 544 1446 Quaerenti
558 1418 665 1450 deinde,
678 1426 755 1450 quem
767 1419 912 1443 secundum
933 1422 1050 1449 poneret,
1064 1417 1203 1449 Pyrrhum,
1216 1416 1321 1448 inquit:
1338 1420 1427 1441 castra

140 1453 234 1479 metari
247 1453 361 1484 primum
374 1452 499 1477 docuisse
511 1460 518 1477 ι
537 1452 571 1476 ad
587 1452 649 1483 hoc,
663 1451 794 1476 neminem
807 1450 956 1483 elegantius
974 1451 1034 1475 loca
1046 1450 1155 1481 cepisse,
1174 1449 1297 1481 praesidia
1309 1449 1429 1480 disposu-

139 1487 201 1511 isse.
239 1485 416 1518 Exsequenti,
430 1493 508 1517 quern
520 1484 634 1509 tertium
643 1484 754 1515 diceret,
767 1489 854 1509 semet
865 1484 951 1515 ipsum
963 1483 1042 1508 dixit.
1080 1483 1178 1507 Ridens
1192 1481 1293 1513 Scipio,
1314 1483 1333 1496 “
1343 1481 1429 1507 Quid-

141 1521 159 1534 “
173 1527 235 1544 num
250 1522 278 1543 tu
292 1519 403 1549 diceres,
415 1526 438 1542 Sl
452 1518 527 1548 me‚’'
540 1517 638 1549 inquit,
663 1518 681 1532 “
693 1516 804 1541 vicisses
815 1516 825 1541 ?
836 1517 855 1531 '’
882 1517 900 1531 “
913 1516 992 1540 Tunc
1005 1515 1099 1546 vero,'’
1119 1514 1216 1546 inquit,
1235 1515 1253 1529 “
1265 1522 1306 1538 me
1319 1517 1347 1538 et
1366 1517 1428 1538 ante

140 1553 159 1567 ‘⁴
170 1551 365 1582 Alexandrum,
378 1556 406 1575 et
419 1555 480 1575 ante
490 1550 630 1583 Pyrrhum,
642 1553 669 1574 et
681 1553 745 1574 ante
758 1549 825 1574 ahos
835 1548 1016 1580 posuissem.’¹
1035 1548 1109 1572 Inter
1119 1552 1214 1571 caetera
1227 1546 1358 1578 prodigia,
1371 1553 1429 1577 quas

142 1584 259 1616 plurima
272 1583 355 1608 fuisse
369 1583 521 1614 traduntur,
542 1582 637 1607 bovem
650 1582 701 1606 Cn.
716 1582 829 1606 Domitii
848 1581 966 1606 consulis
988 1581 1118 1610 locutum,
1130 1581 1148 1594 “
1160 1579 1256 1610 Roma,
1269 1587 1333 1604 cave
1346 1578 1428 1609 tibi,’‘

141 1617 264 1642 refertur.
286 1616 425 1647 Apparant
437 1615 464 1640 in
478 1615 643 1640 Antiochum
655 1614 755 1639 bellum
769 1614 894 1639 Romani.
914 1613 1008 1644 Nabis,
1018 1611 1279 1637 Lacedaemoniorum
1291 1616 1428 1643 tyrannus,

142 1649 272 1675 incitatus
287 1649 320 1673 ab
331 1649 441 1680 AEtolis,
455 1648 500 1680 qui
513 1652 541 1673 et
556 1648 708 1678 Philippum
721 1651 749 1672 et
762 1647 927 1671 Antiochum
940 1647 972 1671 ad
983 1645 1149 1670 inferendum
1160 1644 1257 1669 bellum
1268 1643 1366 1675 populo
1377 1643 1431 1668 Ro-

142 1690 223 1707 mano
241 1681 436 1712 sollicitabant,
459 1689 476 1705 a
499 1680 598 1712 populo
619 1681 739 1704 Romano
751 1679 862 1704 descivit
873 1687 881 1711 3
909 1683 946 1710 et,
967 1678 1036 1703 bello
1059 1678 1183 1702 adversus
1207 1676 1428 1707 Philopoemenem

142 1715 302 1739 Achaeorum
316 1719 452 1745 praetorem
466 1718 554 1745 gesto,
567 1713 600 1737 ab
613 1712 714 1737 AEtolis
726 1717 754 1737 et
766 1713 800 1737 ab
818 1712 986 1737 Alexameno
1006 1712 1074 1735 duce
1095 1710 1187 1735 eofum
1208 1709 1366 1734 interfectus
1377 1712 1429 1733 est.

142 1747 229 1773 AEtoli
242 1755 346 1779 quoque
361 1747 394 1771 ab
407 1746 527 1771 amicitia
539 1745 629 1777 populi
643 1745 757 1770 Romani
777 1744 934 1770 defecerunt
947 1753 954 1768 ;
983 1751 1044 1768 cum
1066 1742 1161 1775 quibus
1179 1742 1306 1767 societate
1324 1742 1430 1774 juncta,

143 1780 306 1810 Antiochus,
319 1781 338 1803 S
359 1780 403 1804 riae
413 1787 469 1810 rex,
483 1787 564 1811 quum
578 1778 678 1803 bellum
692 1778 800 1803 Gneciae
812 1777 954 1808 intulisset,
968 1776 1118 1807 complures
1130 1775 1207 1800 urbes
1219 1777 1360 1806 occupavit
1372 1782 1379 1805 3
1392 1773 1432 1798 in-

143 1818 186 1838 ter
200 1821 266 1845 quas
278 1812 336 1837 Cha
348 1812 445 1844 cidem,
455 1817 483 1837 et
496 1816 580 1836 totam
594 1811 733 1836 Euboeam.
769 1811 822 1835 Res
836 1814 961 1842 praterea
974 1809 1000 1834 in
1014 1808 1156 1841 Liguribus
1168 1812 1269 1840 gestas,
1281 1812 1308 1832 et
1320 1814 1432 1838 appara·

144 1850 202 1871 tum
214 1845 276 1871 belli
290 1845 324 1870 ab
342 1845 480 1870 Antiocho
498 1844 629 1870 continet.
667 1843 751 1876 [Cn.
766 1851 775 1868 ι
786 1850 870 1867 -ιι,
906 1850 935 1868 u.
950 1850 977 1867 e.
988 1841 1143 1866 559—560.
1179 1849 1207 1866 Α.
1222 1848 1250 1865 c.
1264 1839 1348 1865 193—
1359 1837 1428 1872 192]

465 2029 636 2055 EPITOME
654 2028 757 2054 LIBRI
774 2027 973 2054 TRICESIMI
992 2027 1115 2053 SEXTI.

183 2118 304 2143 Munus
319 2116 422 2142 Acilius
435 2115 546 2141 Glabrio
558 2115 653 2141 consul
671 2114 847 2146 Antiochum,
865 2113 936 2145 apud
956 2112 1163 2145 Thermopylas,
1177 2112 1300 2144 Philippo
1312 2119 1371 2144 rege
1387 2111 1434 2137 ad·

148 2151 272 2184 juvante,
286 2150 398 2181 victum,
409 2149 514 2174 Graecia
526 2148 631 2179 expulit
641 2156 649 2180 ;
661 2148 782 2180 idemque
795 2147 901 2172 AEtolos
914 2147 1027 2178 subegit.
1054 2146 1084 2171 P.
1098 2145 1240 2171 Cornelius
1250 2145 1342 2176 Scipio
1354 2144 1434 2170 Nasi-

149 2191 183 2209 ca
193 2183 286 2208 consul
298 2184 380 2207 aedem
393 2182 489 2206 Matris
500 2181 597 2212 Deum,
610 2189 689 2212 quarn
703 2181 758 2212 ipse
771 2180 797 2204 in
816 2179 949 2204 Palatium
962 2179 1101 2210 intulerat,
1114 2179 1155 2203 vir
1175 2179 1294 2210 optimus
1307 2185 1323 2202 a
1335 2182 1433 2203 senatu

148 2216 296 2250 judicum,
309 2214 463 2247 dedicavit3
481 2214 602 2245 idemque
615 2214 695 2246 Bojos
707 2213 799 2238 Gallos
811 2213 898 2237 victos
910 2212 935 2236 in
949 2212 1110 2237 deditionem
1122 2211 1239 2243 accepit,
1251 2215 1278 2235 et
1291 2211 1322 2236 de
1336 2210 1370 2235 iis
1387 2210 1434 2236 tri-

151 2248 301 2280 umphavit.
338 2247 469 2272 Proeterea
482 2247 591 2272 navalia
604 2246 751 2271 certamina
763 2253 885 2277 prospera
893 2245 1021 2270 adversus
1031 2244 1166 2276 prefectos
1176 2243 1303 2269 Antiochi
1316 2243 1386 2276 regis
1395 2249 1435 2268 re·

153 2281 282 2306 feruntur.
319 2280 398 2314 [Car.
413 2287 538 2304 i—xnv.
574 2287 604 2305 υ.
617 2287 645 2304 c.
657 2280 715 2304 561.
751 2287 778 2304 Α.
792 2286 820 2303 c.
835 2278 904 2312 191.]
