1638 2765
171 165 223 203 20
697 166 787 198 T1T1
812 166 923 197 mvn

172 266 229 295 est
249 259 323 295 ita:
353 258 537 308 “Jupiter
556 267 673 308 pater,
694 260 727 296 si
746 268 803 297 est
823 260 890 303 sas,
912 261 1013 297 hunc
1026 261 1192 298 Numam
1209 261 1447 310 Pompilium,

172 311 322 360 “cujus
340 324 411 361 ego
431 319 544 360 caput
572 320 696 359 teneo,
729 325 857 361 regem
890 312 1024 349 Romae
1057 326 1152 357 esse,
1186 312 1239 350 uti
1273 322 1313 350 tu
1341 314 1450 362 signa

185 364 196 384 ‘
212 363 320 400 nobis
339 371 443 400 certa
463 364 684 400 adclarassis
716 364 812 400 inter
841 376 905 400 eos
938 364 1044 408 fines,
1065 378 1156 414 quos
1177 365 1286 402 feci.''
1345 366 1448 402 Tum

171 415 317 464 peregit
348 416 470 451 verbis
502 415 684 463 auspicia,
721 428 803 464 quae
833 416 928 452 mitti
957 417 1092 462 vellet;
1138 418 1274 466 quibus
1310 418 1448 465 missis,

172 467 385 504 declaratus
405 480 470 504 rex
489 467 618 503 Numa
637 467 683 503 de
704 467 842 516 templo
861 468 1072 506 descendit.
1479 470 1496 496 ⁵

225 571 340 608 XIX.
368 571 464 614 Qui,
485 584 602 620 regno
622 571 672 608 ita
691 572 842 620 potitus,
877 573 1008 609 urbem
1036 586 1184 617 novam,
1205 575 1396 611 conditam
1416 575 1451 612 vi

172 630 210 660 et
229 624 354 670 armis,
371 623 454 672 jure
474 636 558 659 eam
587 624 806 672 legibusque
839 637 884 662 ac
912 625 1078 662 moribus
1110 626 1156 662 de
1186 627 1332 675 integro
1364 639 1453 663 con·

173 676 261 712 dere
281 683 410 724 parat:
449 676 584 723 quibus
607 689 720 723 quum
744 676 840 712 inter
860 677 958 713 bella
977 689 1194 714 assuescere
1215 679 1357 715 videret
1376 691 1452 716 non

171 740 292 776 posse,
313 728 448 776 quippe
469 727 642 764 efferatos
662 728 805 770 militia,
827 729 994 772 anim0s;
1024 730 1273 778 mitigandum
1289 730 1452 767 ferocem

173 780 349 828 populum
381 791 568 815 armorum
601 779 850 815 desuetudine
883 788 997 823 ratus,
1036 781 1176 817 Janum
1205 783 1251 817 ad
1281 782 1452 820 infimum
1467 784 1497 809 10

175 831 405 880 Argiletum,
440 831 606 867 indicem
639 831 745 879 pacis
780 831 954 880 bellique,
992 832 1103 869 fecit:
1150 841 1299 881 apertus
1337 842 1378 870 ut
1414 835 1453 872 in

175 883 288 919 armis
309 895 391 919 esse
412 882 615 925 civitatem,
637 883 788 919 clausus
819 891 971 931 pacatos
1004 884 1108 921 circa
1132 898 1264 922 omnes
1283 886 1452 935 populos,

174 935 418 984 significaret.
474 934 538 971 Bis
558 935 696 971 deinde
715 943 798 983 post
826 935 964 972 Numae
997 949 1155 985 regnum
1186 937 1336 973 clausus
1357 938 1452 975 fuit:

174 987 289 1024 semel
311 987 359 1023 T.
382 987 523 1023 Manlio
543 987 711 1030 consule,
732 995 813 1035 post
846 987 1032 1024 Punicum
1062 989 1223 1037 primum
1243 989 1452 1038 perfectum

175 1039 314 1076 bellum
332 1052 341 1083 3
372 1039 508 1075 iterum
530 1038 646 1087 (quod
667 1047 802 1075 nostrae
833 1040 931 1076 aetati
961 1039 1025 1076 Dii
1045 1041 1231 1077 dederunt
1251 1049 1291 1077 ut
1310 1042 1453 1079 videre·
1468 1044 1499 1068 15

174 1091 278 1142 mus)
299 1099 381 1139 post
401 1091 540 1127 bellum
558 1091 775 1134 Actiacum,
797 1091 843 1127 ab
856 1092 1078 1140 imperatore
1094 1093 1244 1129 Caesare
1265 1093 1452 1142 Augusto,

174 1156 267 1192 pace
287 1145 384 1179 terra
404 1144 571 1190 marique
591 1145 706 1191 parta.
763 1143 904 1180 Clauso
923 1157 980 1187 eo,
1010 1157 1124 1192 quum
1153 1145 1320 1181 omnium
1351 1146 1454 1183 circa

175 1195 418 1232 finitimorum
439 1196 619 1231 societate
640 1208 684 1231 ac
705 1195 908 1231 foederibus
936 1196 1127 1244 junxisset
1146 1197 1304 1242 animos,
1323 1198 1454 1246 positis

175 1255 416 1284 externorum
437 1247 688 1295 periculorum
709 1248 821 1290 curis,
855 1260 903 1284 ne
933 1248 1303 1290 luxuriarentur-otio
1323 1250 1453 1293 animi,

175 1312 268 1347 quos
303 1308 425 1335 metus
462 1299 625 1336 hostium
663 1299 935 1348 disciplinaque
981 1300 1151 1336 militaris
1187 1301 1425 1338 continuerat
1444 1302 1500 1346 320

174 1351 342 1388 omnium
373 1351 547 1399 primum,
580 1364 658 1387 rem
697 1352 742 1387 ad
764 1351 1043 1388 multitudinem
1063 1352 1286 1401 imperitam,
1316 1362 1353 1389 et
1385 1353 1457 1390 illis

180 1403 330 1440 saeculis
350 1403 496 1446 rudem,
517 1403 830 1448 efficacissimam,
853 1403 1019 1440 Deorum
1045 1411 1186 1440 metum
1207 1404 1455 1452 injiciendum

178 1463 282 1492 ratus
301 1462 378 1491 est:
408 1456 471 1503 qui
491 1468 606 1503 quum
626 1456 859 1492 descendere
880 1456 926 1492 ad
947 1456 1091 1492 animos
1111 1456 1192 1492 sine
1212 1457 1335 1504 aliquo
1355 1470 1457 1494 com-

178 1515 306 1544 mento
329 1507 501 1543 miraculi
522 1520 596 1544 non
614 1515 750 1555 posset,
764 1507 914 1543 simulat
933 1508 1003 1543 sibi
1017 1520 1102 1543 cum
1119 1507 1200 1544 Dea
1217 1508 1355 1556 Egeria
1368 1522 1457 1545 con-

177 1572 328 1608 gressus
349 1566 556 1596 nocturnos
577 1572 680 1603 esse3
727 1559 808 1608 ejus
837 1571 877 1596 se
910 1560 1068 1602 monitu,
1089 1572 1170 1608 quae
1191 1561 1501 1608 acceptissima&

177 1611 261 1648 Diis
277 1618 415 1654 essent,
437 1624 544 1648 sacra
564 1611 780 1655 instituere;
802 1612 1016 1648 sacerdotes
1033 1624 1118 1648 suos
1134 1612 1271 1660 cuique
1289 1613 1456 1650 Deorum

176 1664 379 1712 praeficere.
418 1663 544 1711 Atque
556 1664 724 1700 omnium
745 1663 920 1711 primum,
935 1664 981 1699 ad
1002 1676 1154 1699 cursum
1175 1664 1286 1707 lunae,
1308 1664 1346 1700 in
1367 1665 1458 1702 duo-

178 1716 302 1752 decim
323 1727 473 1751 menses
493 1715 672 1751 describit
685 1728 825 1751 annum
841 1728 848 1751 :
868 1728 979 1763 quem
995 1715 1099 1764 (quia
1113 1717 1276 1752 tricenos
1291 1716 1372 1752 dies
1384 1717 1458 1753 sin·

176 1768 274 1817 gulis
295 1768 488 1804 mensibus
506 1767 597 1803 luna
616 1780 691 1804 non
712 1767 846 1815 explet,
878 1767 1087 1815 desuntque
1107 1768 1188 1804 dies
1206 1768 1323 1804 solido
1343 1781 1455 1814 anno,

176 1821 238 1868 qui
260 1819 444 1856 solstitiali
464 1819 734 1868 circumagitur
753 1819 861 1870 orbe)
885 1819 1170 1856 intercalaribus
1190 1820 1383 1856 mensibus
1402 1820 1456 1857 in·
1470 1821 1502 1846 ³⁰

177 1872 433 1920 terponendis,
447 1871 498 1907 ita
509 1871 750 1919 dispensavit,
768 1878 808 1907 ut
819 1879 950 1918 quarto
965 1879 1002 1907 et
1014 1871 1194 1920 vigesimo
1206 1884 1306 1908 anno
1322 1872 1367 1908 ad
1381 1885 1457 1909 me-

177 1932 253 1960 tam
275 1924 447 1959 eamdem
463 1923 562 1968 solis,
584 1923 684 1959 unde
703 1923 776 1959 orsi
797 1930 932 1965 essent,
951 1923 1073 1971 plenis
1088 1935 1270 1960 annorum
1287 1925 1457 1961 omnium

177 1976 308 2024 spatiis
327 1975 408 2011 dies
428 1983 692 2024 congruerent.
736 1974 843 2010 Idem
863 1974 1027 2011 nefastos
1047 1975 1127 2011 dies
1147 1975 1332 2024 fastosque
1354 1976 1455 2020 fecit,

178 2028 266 2076 quia
286 2027 487 2076 aliquando
506 2027 598 2063 nihil
620 2039 706 2063 cum
727 2027 863 2076 populo
883 2027 943 2075 agi
963 2027 1053 2063 utile
1075 2027 1238 2063 futurum
1259 2037 1350 2065 erat.

232 2131 324 2168 XX.
354 2131 457 2168 Tum
478 2132 736 2169 sacerdotibus
756 2131 930 2167 creandis
959 2131 1126 2167 animum
1156 2131 1308 2181 adjecit,
1328 2125 1502 2181 quam-³⁵

179 2196 290 2232 quam
311 2184 390 2232 ipse
410 2184 571 2232 plurima
591 2197 697 2221 sacr-a
728 2183 867 2226 obibat,
902 2196 947 2219 ea
978 2183 1153 2230 maxime,
1182 2196 1264 2231 quae
1285 2197 1388 2221 nunc
1409 2185 1456 2222 ad

179 2235 330 2273 Dialem
368 2235 560 2272 flaminem
596 2237 795 2284 pertinent.
853 2235 942 2282 Sed,
979 2235 1067 2283 quia
1103 2236 1141 2272 in
1171 2236 1322 2273 civitate
1353 2237 1458 2274 belli-

181 2290 267 2325 cosa
300 2288 425 2336 plures
458 2288 628 2331 Romuli,
661 2288 772 2336 quz‘im
802 2287 954 2334 Numae,
987 2287 1128 2324 similes
1163 2300 1272 2336 reges
1302 2289 1457 2337 putabat

181 2340 271 2383 fore,
292 2340 483 2387 iturosque
505 2340 602 2388 ipsos
622 2340 667 2376 ad
701 2340 809 2382 bella,
839 2352 887 2375 ne
917 2352 1024 2376 sacra
1055 2340 1168 2388 regite
1197 2340 1291 2377 vicis
1310 2341 1457 2377 desere-

180 2399 323 2439 rentur,
344 2392 640 2428 flamfflemdovi
662 2392 852 2428 assiduum
873 2392 1105 2428 sacerdotem
1126 2393 1278 2436 creavit,
1300 2393 1457 2441 insigni·
1468 2392 1501 2417 40

181 2457 253 2493 que
273 2456 358 2481 eum
384 2450 486 2481 veste
520 2451 556 2480 et
585 2444 706 2481 curuli
736 2444 837 2492 regia
867 2443 954 2480 sella
985 2444 1198 2480 adornavit:
1247 2445 1334 2481 huic
1363 2445 1457 2481 duos
