1617 2765
159 167 212 205 36
686 167 777 198 T1T1
802 167 912 198 Livn

160 260 401 297 “certasse.''
478 261 572 298 IIaec
609 274 695 298 eum
725 262 824 298 haud
855 261 945 297 falsa
983 267 1252 297 memorantem
1287 260 1477 308 ingenti
1452 277 1470 293 ‹=

160 324 348 349 consensu
376 314 534 371 populus
567 313 765 350 Romanus
802 325 958 362 regnare
975 313 1094 361 jussit.
1169 312 1270 360 Ergo
1300 312 1431 359 virum,
1453 319 1469 345 9

159 371 296 400 caetera
313 366 519 414 egregium,
540 373 682 408 secuta,
703 378 814 412 quarn
835 366 873 401 in
906 365 1068 422 petendo
1096 364 1287 408 habuerat,
1319 364 1430 399 etiam
1453 359 1480 405 Ξ

160 424 378 465 regnantem
400 417 553 452 ambitio
572 424 653 453 est:
682 429 754 453 nec
768 415 892 452 minus
911 416 1016 473 regni
1038 416 1094 451 sui
1114 415 1299 458 firmandi,
1319 428 1469 473 quam

160 469 342 516 augendae
363 469 592 516 reipublicae,
626 481 781 514 memor,
811 475 963 504 centum
994 468 1032 503 in
1067 467 1196 503 Patres
1215 467 1325 515 lemt
1369 467 1431 515 qui
1453 492 1469 518 5³

160 519 296 555 deinde
317 521 494 555 minorum
510 521 678 568 gentium
707 527 795 557 sunt
823 519 1016 568 appellati;
1048 519 1170 555 factio
1199 519 1298 554 haud
1318 519 1477 558 dubia
1452 529 1478 544 Φ

159 571 270 619 regis,
292 571 400 619 cujus
420 571 632 608 beneficio
624 585 662 608 in
683 572 827 608 curiam
856 578 1049 607 venerant.
1105 570 1251 607 Bellum
1270 548 1477 618 primumi*

159 634 243 658 cum
267 622 411 659 Latinis
429 624 556 671 gessit,
576 631 614 660 et
639 624 817 672 oppidum
839 623 889 659 ibi
910 623 1064 671 Apiolas
1082 622 1117 659 vi
1137 622 1237 670 cepit
1254 635 1261 658 ;
1290 622 1433 670 praeda-

159 686 230 721 que
260 675 347 710 inde
377 676 528 723 majore,
549 674 661 723 quam
690 683 830 723 quanta
863 675 949 711 belli
979 675 1077 711 sama
1105 674 1238 716 fuerat,
1267 674 1430 719 revecta,

159 725 265 761 ludos
293 726 504 774 opulentius
536 727 845 774 instructiusque,
872 727 982 773 quam
1011 726 1152 774 priores
1179 738 1299 774 reges,
1330 726 1430 761 fecit.
1446 736 1477 760 10

159 776 262 813 Tum
283 777 443 825 primum
461 778 576 821 circo,
596 779 658 826 qui
679 791 782 814 nunc
817 778 1007 814 Maximus
1034 777 1185 820 dicitur,
1214 777 1432 825 designatus

159 828 263 864 locus
282 836 359 865 est:
388 829 471 865 loca
490 830 607 865 divisa
626 830 798 866 Patribus
826 829 1099 877 equitibusque,
1133 828 1197 864 ubi
1216 828 1433 876 spectacula

158 880 228 916 sibi
257 881 411 929 quisque
449 881 636 926 facerent;
671 880 762 930 fori
790 880 974 930 appellati.
1041 881 1279 928 Spectavere,
1317 879 1432 916 furcis

158 932 352 969 duodenos
372 933 418 969 ab
437 934 537 969 terra
552 933 769 982 spectacula
794 934 868 969 alta
883 932 1155 969 sustinentibus
1174 932 1301 980 pedes.
1357 931 1432 968 Lu·

159 984 304 1020 dicrum
326 985 395 1021 fuit
414 985 498 1033 equi
518 985 750 1034 pugilesque,
770 998 816 1021 ex
836 985 988 1021 Etruria
1004 984 1163 1020 maxime
1184 984 1307 1020 acciti.
1364 984 1431 1020 So·
1445 994 1476 1018 15

160 1035 290 1072 lennes
310 1037 447 1073 deinde
467 1038 582 1073 annui
603 1036 776 1073 mansere
796 1037 888 1082 ludi,
908 1036 1074 1073 Romani
1105 1035 1310 1084 Magnique
1332 1035 1429 1071 varie

159 1088 343 1136 appellati.
402 1089 462 1125 Ab
481 1089 612 1125 eodem
633 1101 720 1137 rege
740 1098 777 1125 et
796 1089 900 1124 eirca
928 1088 1045 1124 forum
1065 1087 1216 1136 privatis
1245 1086 1432 1123 aedifican-

158 1139 206 1175 da
224 1140 341 1176 divisa
361 1148 447 1176 sunt
466 1141 570 1186 loca3
598 1141 764 1189 porticus
782 1137 1159 1188 tabernaeque'factae.

210 1242 403 1280 XXXVI.
433 1244 546 1281 Muro
564 1257 709 1293 quoque
737 1244 884 1293 lapideo
912 1243 1147 1280 circumdare
1167 1242 1298 1279 urbem
1326 1254 1431 1290 para-

158 1294 231 1338 bat,
260 1308 374 1343 quum
395 1296 578 1332 Sabinum
608 1297 746 1332 bellum
767 1296 898 1344 coeptis
917 1295 1129 1331 intervenit.
1186 1293 1367 1342 Adeoque
1382 1307 1430 1330 ea
1442 1304 1475 1330 20

157 1347 280 1383 subita
299 1360 358 1383 res
379 1347 460 1395 suit,
486 1357 527 1384 ut
558 1348 665 1397 prius
699 1348 889 1384 Anienem
921 1347 1123 1383 transirent
1151 1347 1288 1392 hostes,
1317 1345 1428 1394 quam

156 1398 301 1435 obviam
323 1399 375 1435 ire
396 1412 441 1436 ac
460 1400 656 1448 prohibere
681 1401 870 1437 exercitus
890 1399 1088 1435 Romanus
1107 1405 1241 1447 posset.
1298 1397 1430 1446 Itaque

157 1451 380 1498 trepidatum
418 1452 553 1488 Romae
589 1459 670 1488 est:
716 1459 753 1488 et
794 1449 912 1500 primo
944 1451 1060 1487 dubia
1096 1450 1263 1494 victoria,
1293 1450 1432 1498 magna

157 1502 342 1550 utrimque
362 1503 479 1546 caede‚
505 1511 713 1552 pugnatum
733 1511 800 1539 est.
857 1503 1044 1539 Reductis
1077 1502 1214 1538 deinde
1242 1505 1281 1537 in
1309 1509 1432 1537 castra

158 1554 317 1590 hostium
353 1555 481 1603 copiis,
511 1556 670 1603 datoque
699 1555 817 1603 spatio
845 1554 1030 1591 Romanis
1059 1554 1105 1589 ad
1135 1553 1476 1600 comparandum&

157 1605 204 1641 de
224 1605 370 1655 integro
392 1607 542 1650 bellum,
563 1607 807 1655 Tarquinius,
827 1606 991 1654 equitem
1011 1605 1172 1641 maxime
1202 1604 1280 1640 suis
1299 1604 1430 1641 deesse

158 1657 297 1693 viribus
326 1666 439 1701 ratus,
470 1659 516 1694 ad
554 1659 738 1704 Ramnes,
768 1658 974 1702 Titienses,
1005 1657 1193 1702 Luceres,
1223 1669 1315 1704 quas
1343 1668 1432 1692 cen-

157 1709 272 1745 turias
305 1710 493 1746 Romulus
521 1711 731 1759 scripserat,
761 1710 898 1746 addere
928 1709 1018 1745 alias
1046 1708 1251 1753 constituit,
1290 1720 1431 1755 suoque

157 1761 325 1809 insignes
345 1762 555 1810 relinquere
585 1762 749 1799 nomine.
806 1761 851 1798 Id
880 1761 967 1809 quia
996 1758 1218 1809 inaugurato
1243 1738 1430 1796 Romulus

158 1812 309 1856 fecerat,
330 1826 469 1862 negare
490 1815 602 1850 Attus
622 1814 780 1860 Navius,
814 1813 975 1861 inclytus
994 1825 1040 1848 ea
1059 1818 1277 1860 tempestate
1298 1824 1427 1859 augur,
1442 1827 1475 1851 30

157 1876 278 1912 neque
298 1866 443 1910 mutari,
461 1878 582 1914 neque
611 1878 747 1902 novum
768 1864 958 1906 constitui,
988 1864 1060 1900 nisi
1081 1876 1167 1900 aves
1185 1863 1429 1909 addixissent,

157 1928 276 1964 posse.
333 1917 389 1953 Ex
409 1929 453 1953 eo
473 1917 527 1953 ira
545 1917 624 1965 regi
645 1924 767 1960 mota3
796 1916 1026 1963 eludensque
1046 1922 1176 1960 artem,
1208 1914 1267 1962 (ut
1287 1914 1427 1964 ferunt)

156 1972 179 1989 ‘⁶
197 1968 415 2017 Agedum,''
433 1969 565 2017 inquit,
585 1971 608 1991 “
625 1968 750 2005 divine
768 1975 819 2014 tu,
833 1967 1028 2016 inaugura,
1046 1966 1175 2002 fierine
1191 1966 1317 2014 possit,
1331 1967 1429 2014 quod

155 2022 300 2057 “nunc
319 2033 390 2069 ego
408 2028 534 2057 mente
567 2020 776 2069 concipio.'’
831 2018 964 2058 Quum
998 2018 1073 2061 ille,
1104 2018 1142 2054 in
1176 2018 1332 2066 augurio
1350 2030 1429 2054 rem

156 2080 342 2121 expertus,
380 2071 545 2121 profecto
584 2073 746 2109 futuram
785 2071 963 2115 dixisset;
1019 2069 1175 2118 “Atqui
1205 2070 1276 2105 hoc
1305 2070 1475 2109 animoas

156 2126 180 2146 “
197 2125 370 2172 agitavi,’'
392 2125 524 2172 inquit,
554 2126 628 2161 “te
656 2124 840 2160 novacula
868 2130 990 2159 cotem
1011 2122 1268 2158 discissurum.
1325 2121 1429 2169 Cape

156 2178 180 2198 ‘⁴
198 2177 292 2218 haee,
322 2184 360 2213 et
391 2189 541 2225 perage,
574 2177 672 2225 quod
702 2188 788 2212 aves
815 2183 888 2211 tuae
917 2174 996 2211 fieri
1025 2186 1132 2223 posse
1161 2173 1428 2221 portendunt.”

157 2228 259 2265 Tum
280 2228 384 2264 illum
405 2229 503 2265 haud
529 2236 754 2265 cunctanter
787 2226 982 2263 discidisse
1003 2233 1124 2262 cotem
1154 2226 1290 2261 ferunt.
1347 2226 1431 2262 Sta-

156 2288 220 2317 tua
240 2280 319 2316 Atti
339 2280 461 2328 capite
482 2281 613 2326 velato,
629 2293 702 2328 quo
721 2280 759 2315 in
781 2279 861 2315 loco
876 2290 935 2314 res
955 2286 1038 2315 acta
1057 2285 1125 2320 est,
1148 2278 1184 2313 in
1205 2277 1369 2320 comitio,
1390 2277 1429 2314 in

157 2333 335 2381 gradibus
355 2332 454 2380 ipsis,
475 2333 521 2368 ad
541 2333 670 2368 laevam
687 2331 800 2367 curize
830 2330 923 2366 suit:
970 2338 1091 2366 cotem
1121 2341 1267 2378 quoque
1295 2330 1428 2366 eodem
1442 2342 1475 2368 4ο

157 2385 239 2421 loco
264 2385 371 2421 sitam
407 2384 520 2419 fuisse
553 2390 771 2426 memorant,
802 2390 842 2418 ut
871 2389 969 2418 esset
989 2382 1034 2418 ad
1063 2390 1228 2430 posteros
1258 2381 1428 2417 miraculi

158 2437 240 2486 ejus
260 2444 556 2474 monumentum.
614 2435 795 2484 Auguriis
814 2434 913 2470 certe·
935 2434 1216 2482 sacerdotioque
1245 2444 1428 2482 augurum
