1617 2765
635 172 773 203 LIBER
795 172 889 202 XXI.
934 181 1015 202 CAP.
1033 182 1065 203 x.
1406 175 1477 212 171

199 279 280 309 erat
300 269 532 320 Saguntinis,
553 267 693 304 missile
709 267 839 312 telum,
859 265 984 302 hastili
1004 265 1179 314 abiegno,
1209 273 1247 301 et
1272 274 1409 305 caetera
1428 276 1482 306 te-

199 324 280 369 reti,
301 330 545 372 praeterquam
566 320 612 355 ad
642 327 864 363 extremum,
895 318 996 353 unde
1031 317 1169 353 serrum
1186 318 1381 354 exstabat:
1429 321 1481 368 id,

200 376 298 412 sicut
317 375 354 411 in
375 374 448 422 pilo
467 372 701 421 quadratum,
722 371 856 419 stuppa
875 369 1205 417 circumligabant,
1235 369 1479 419 linebantque

200 427 296 476 pice.
352 425 508 462 Ferrum
530 432 655 460 autem
675 431 749 459 tres
768 423 923 471 longum
957 422 1120 457 habebat
1157 422 1284 470 pedes,
1319 429 1360 458 ut
1392 436 1478 460 cum

171 478 313 515 ⁵armis
349 477 566 525 transfigere
596 488 731 524 corpus
764 481 899 523 posset.
957 473 1033 510 Sed
1053 474 1091 509 id
1125 472 1302 519 maxime,
1332 474 1479 512 etiamsi

200 531 369 567 haesisset
388 530 426 566 in
446 535 566 571 scuto,
587 540 659 564 nec
679 528 911 576 penetrasset
943 526 982 562 in
1002 538 1149 573 corpus,
1170 538 1345 574 pavorem
1367 526 1480 563 facie-

201 582 287 627 bat;
333 582 431 630 quud
467 593 583 629 quum
619 579 786 615 medium
825 590 1029 615 accensum
1068 578 1287 623 mitteretur,
1319 590 1480 626 concep-

199 641 353 682 tumque
389 634 469 681 ipso
507 639 610 669 motu
652 629 768 668 multo
807 631 986 679 majorem
1031 630 1160 679 ignem
1207 630 1332 676 ferret,
1376 642 1480 666 arma

198 686 319 723 omitti
356 685 528 735 cogebat,
568 684 787 732 nudumque
829 683 986 720 militem
1025 682 1072 719 ad
1110 682 1353 731 insequentes
1382 682 1480 719 ictus

156 743 188 769 10
199 738 399 787 praebebat.

253 842 324 879 IX.
365 841 498 882 Quum
518 841 582 878 diu
611 853 752 890 anceps
781 840 910 877 fuisset
938 847 1143 883 certamen,
1175 847 1213 876 et
1243 839 1477 888 Saguntinis,

199 895 286 942 quia
304 902 437 943 praeter
456 906 561 942 spem
581 893 1026 939 resisterent,crevissent
1045 892 1161 928 animi
1179 905 1189 936 3
1219 891 1373 938 Poenus,
1393 893 1479 940 quia

199 958 275 982 non
308 946 470 992 vicisset,
499 958 566 993 pro
593 946 692 981 victo
720 952 844 989 esset;
891 944 1093 980 clamorem
1122 943 1278 992 repente
1302 944 1478 992 oppidani

199 997 346 1043 tollunt,
367 998 584 1045 hostemque
603 997 642 1033 in
672 997 800 1033 ruinas
829 996 925 1032 muri
958 996 1172 1044 expellunt;
1214 996 1302 1031 inde
1323 996 1479 1044 impedi-

156 1057 187 1082 15
199 1057 278 1086 tum
298 1050 622 1098 trepidantemque
638 1048 861 1092 exturbant3
892 1049 1078 1096 postremo
1095 1048 1218 1084 fusum
1234 1047 1478 1096 fugatumque

199 1101 237 1138 in
267 1109 389 1138 castra
416 1101 603 1150 redigunt.
663 1100 819 1137 Interim
841 1100 888 1136 ab
908 1100 1032 1137 Roma
1051 1100 1194 1148 legatos
1214 1100 1362 1136 venisse
1383 1113 1480 1136 nun-

198 1154 330 1191 tiatum
367 1160 444 1190 est:
489 1153 624 1202 quibus
655 1152 802 1190 obviam
832 1153 878 1189 ad
908 1165 1008 1188 mare
1037 1152 1141 1188 missi
1170 1152 1217 1188 ab
1247 1152 1479 1199 Hannibale,

198 1206 261 1254 qui
281 1206 463 1248 dicerent,
483 1218 555 1242 nec
575 1204 654 1242 tuto
673 1217 737 1241 eos
767 1205 932 1241 adituros
951 1204 1047 1241 inter
1073 1212 1126 1241 tot
1144 1211 1220 1240 tam
1240 1204 1478 1241 efferatarum

199 1258 368 1307 gentium
389 1270 514 1302 arma3
557 1269 629 1294 nec
650 1257 870 1303 Hannibali,
891 1257 929 1293 in
959 1263 1063 1293 tanto
1092 1256 1310 1293 discrimine
1340 1269 1477 1300 rerum,

155 1316 322 1358 woperae
350 1322 432 1346 esse
461 1310 668 1358 legationes
705 1309 846 1345 audire.
921 1309 1150 1357 Apparebat,
1184 1319 1260 1345 non
1296 1309 1479 1345 admissos

198 1362 368 1410 protinus
401 1361 671 1410 Carthaginem
704 1361 845 1398 ituros:
890 1360 1017 1397 literas
1045 1360 1157 1409 igitur
1177 1360 1403 1409 nuntiosque
1431 1361 1479 1397 ad

198 1413 388 1463 principes
408 1413 581 1450 factionis
610 1413 782 1449 Barcinae
814 1412 1016 1461 praemittit,
1051 1420 1091 1448 ut
1115 1420 1369 1461 praepararent
1395 1425 1479 1450 suo-

197 1477 280 1502 rum
313 1465 470 1509 animos,
508 1477 556 1501 ne
589 1465 678 1513 quid
706 1477 792 1514 pars
821 1464 936 1501 altera
963 1464 1166 1513 gratificari
1194 1477 1261 1513 pro
1290 1465 1478 1502 Romanis

196 1524 331 1566 posset.

153 1631 187 1657 25
250 1620 302 1657 X.
344 1621 490 1669 Itaque,
508 1628 752 1670 praeterquam
781 1622 880 1670 quod
909 1621 1062 1659 admissi
1091 1622 1282 1670 auditique
1303 1628 1404 1668 sunt,
1433 1634 1479 1659 ea

198 1685 343 1721 quoque
371 1686 467 1709 vana
485 1681 595 1722 atque
615 1674 718 1710 irrita
736 1674 873 1722 legatio
892 1674 972 1711 fuit.
1029 1674 1170 1711 Hanno
1190 1687 1302 1721 unus,
1322 1675 1479 1711 adverso

198 1732 342 1770 senatu,
363 1737 516 1762 causam
537 1726 698 1771 foederis,
719 1738 856 1774 magno
875 1726 1024 1762 silentio
1043 1733 1191 1774 propter
1217 1726 1476 1762 auctoritatem

197 1789 317 1823 suam,
337 1790 412 1814 non
432 1790 627 1814 assensum
657 1777 905 1821 audientium,
940 1778 1042 1827 egit:
1073 1778 1183 1814 “Per
1215 1778 1329 1823 Deos
1362 1778 1478 1814 soede-

199 1835 222 1851 “
235 1841 317 1865 rum
333 1829 490 1866 arbitros
508 1842 554 1866 ac
572 1836 697 1874 testes,
718 1830 920 1876 monuisse,
947 1829 1164 1879 praedixisse
1181 1843 1233 1876 se,
1254 1842 1302 1866 ne
1332 1830 1478 1866 Hamil-

152 1891 184 1917 30
199 1881 333 1917 “caris
351 1881 569 1930 progeniem
590 1882 636 1917 ad
665 1882 873 1918 exercitum
894 1883 1110 1918 mitterent:
1140 1895 1215 1919 non
1236 1884 1380 1928 manes,
1401 1895 1476 1919 non

197 1933 388 1982 “stirpem
415 1933 496 1982 ejus
524 1933 793 1981 conquiescere
814 1934 908 1978 viri3
938 1947 1010 1970 nec
1040 1947 1219 1982 unquam,
1240 1934 1364 1971 donec
1392 1947 1459 1970 san

197 1985 361 2034 “guinis
389 1985 626 2033 nominisque
668 1985 821 2022 Barcini
859 1986 1055 2034 quisquam
1094 1986 1265 2034 supersit,
1305 1987 1478 2034 quietura.

196 2043 220 2060 ‘⁶
234 2037 412 2074 Romana
439 2037 591 2074 foedera.
663 2037 850 2074 Juvenem
888 2038 1109 2087 flagrantem
1146 2039 1325 2087 cupidine
1355 2039 1475 2087 regni,

197 2089 406 2137 “viamque
426 2102 540 2125 unam
570 2090 616 2126 ad
646 2090 682 2126 id
703 2098 937 2136 cernentem,
958 2091 1002 2137 si,
1031 2103 1078 2127 ex
1108 2091 1214 2127 bellis
1234 2091 1332 2127 bella
1351 2103 1477 2128 seren-

150 2152 184 2178 35
198 2147 222 2163 ‘⁴
235 2141 296 2184 do,
316 2142 536 2178 succinctus
555 2142 667 2191 armis
686 2141 973 2191 legionibusque
1004 2143 1114 2189 vivat,
1145 2143 1246 2179 velut
1278 2143 1474 2179 materiam

196 2193 313 2242 “igni
342 2193 566 2241 praebentes,
600 2194 646 2230 ad
680 2195 870 2231 exercitus
897 2195 1073 2231 misistis:
1120 2195 1264 2231 aluistis
1283 2208 1374 2244 ergo
1404 2196 1475 2232 hoc

198 2251 222 2268 ‘⁶
235 2245 469 2291 incendium,
489 2258 561 2293 quo
580 2258 684 2282 nunc
706 2247 878 2283 ardeatis.
936 2248 1149 2296 Saguntum
1170 2248 1280 2284 vestri
1315 2249 1476 2285 circum-

198 2303 221 2319 “
235 2297 359 2333 sident
376 2298 577 2344 exercitus,
597 2298 697 2334 unde
717 2307 893 2336 arcentur
910 2299 1049 2336 foedere
1067 2313 1074 2336 :
1096 2313 1182 2336 mox
1201 2300 1474 2349 Carthaginem

198 2348 557 2386 “c-ircumsidebunt
589 2350 774 2387 Romanae
804 2352 985 2400 legiones,
1023 2352 1184 2389 ducibus
1212 2352 1346 2388 iisdem
1377 2353 1474 2393 Diis,

151 2407 222 2437 ⁴o“
235 2414 300 2450 per
319 2413 411 2449 quos
431 2401 551 2450 priore
572 2401 668 2439 bello
693 2411 800 2452 rupta
833 2404 975 2440 soedera
994 2412 1082 2441 sunt
1101 2405 1180 2441 ulti.
1237 2404 1369 2441 Utrum
1392 2405 1474 2440 hos0

197 2459 222 2476 ‘⁴
235 2460 324 2497 tem,
354 2465 401 2490 an
431 2465 506 2497 VOS,
547 2466 594 2490 an
625 2454 809 2492 fortunam
852 2457 1044 2505 utriusque
1085 2457 1226 2506 populi,
1262 2456 1440 2505 ignoratis
1460 2456 1474 2491 Τ
