1617 2765
606 181 742 212 LIBER
766 181 791 211 Ι.
837 189 917 213 cAP.
935 191 1063 212 nvnr.
1399 185 1453 224 45

176 276 384 326 “quinium
417 282 520 312 creat
551 282 733 324 vocatque
762 288 902 324 regem.
959 275 1039 312 Aut
1070 275 1100 311 si
1133 275 1179 311 ad
1214 277 1295 313 haec
1319 291 1450 326 parum

175 331 200 353 “
220 336 276 365 est
295 328 421 374 animi,
451 328 541 376 quid
571 328 757 364 frustraris
786 328 1006 364 civitatem?
1063 328 1151 376 quid
1182 335 1217 364 te
1247 336 1287 364 ut
1306 331 1450 379 regium

172 381 388 430 “juvenem
418 380 586 428 conspici
624 380 744 417 sinis?
801 380 964 416 Facesse
994 380 1084 416 hinc
1113 380 1354 428 Tarquinios,
1388 391 1452 420 aut

172 432 450 468 “Corinthum
507 432 713 469 Devolvere
743 439 842 468 retro
874 432 920 468 ad
950 432 1116 489 stirpem,
1147 432 1248 468 fratri
1281 433 1449 491 similior,

141 484 322 533 5“quam
355 484 460 542 patri.
467 489 493 509 ‘’
518 484 591 521 His
620 485 775 533 aliisque
813 484 1045 532 increpando
1075 482 1254 532 juvenem
1284 485 1448 534 instigtt,

172 549 244 575 nec
263 537 532 584 conquiescere
553 537 632 585 ipsa
649 544 791 585 potest3
822 536 852 572 si
875 536 1007 594 (quum
1028 536 1231 588 Tanaquil,
1253 539 1451 594 peregrina

171 589 316 634 mulier,
339 589 480 627 tantum
503 589 622 626 moliri
642 589 823 638 potuisset
854 588 991 633 animo,
1018 595 1058 624 ut
1077 589 1151 624 duo
1170 589 1350 626 continua
1370 603 1451 639 reg-

170 655 220 679 na
238 641 328 688 viro,
361 654 406 677 ac
443 641 623 690 deinceps
651 654 805 690 genero,
837 640 1019 691 dedisset)
1059 641 1149 689 ipsa,
1182 641 1286 690 regio
1306 643 1450 680 semine

169 701 262 736 orta,
283 693 427 730 nullum
447 703 679 730 momentum
701 693 738 729 in
764 693 889 733 dando
918 692 1194 740 adimendoque
1214 706 1330 742 regno
1351 695 1451 732 face-

127 762 156 788 10
170 753 236 783 ret.
294 746 366 782 His
386 746 632 782 muliebribus
653 745 851 781 instinctus
872 744 976 781 furiis
995 744 1228 793 Tarquinius
1248 746 1449 784 circumire

170 805 207 835 et
224 810 415 847 prensare,
436 798 622 834 minorum
647 797 811 834 maxime
845 798 1029 845 gentium,
1055 797 1206 842 Patres3
1246 799 1449 836 admonere

169 850 315 898 paterni
337 850 524 893 beneficii,
546 862 590 886 ac
609 863 675 898 pro
694 862 739 886 eo
759 850 916 898 gratiam
936 857 1105 898 repetere
1122 863 1132 894 ς
1169 850 1320 887 allicere
1339 852 1449 888 donis

166 902 349 950 juvenes:
380 910 456 938 tum
478 903 524 938 de
544 914 584 937 se
605 902 774 950 ingentia
804 902 1030 949 pollicendo,
1064 909 1143 938 tum
1163 903 1262 951 regis
1282 904 1449 940 crimini-

170 954 252 1000 bus,
272 954 447 990 omnibus
464 953 558 989 locis
577 965 750 990 crescere
768 966 776 989 z
817 952 1019 1001 postremo,
1050 960 1090 990 ut
1117 953 1194 1002 jam
1216 956 1373 1002 agendae
1393 956 1447 992 rei

125 1022 156 1047 15
170 1012 317 1064 tempus
335 1005 454 1041 visum
474 1012 542 1048 est,
564 1006 720 1054 stipatus
742 1006 892 1053 agmine
926 1013 1166 1048 armatorum,
1200 1005 1238 1042 in
1260 1006 1381 1044 forum
1402 1007 1448 1044 ir-

168 1058 295 1106 rupit:
335 1057 436 1101 inde,
461 1056 637 1094 omuibus
646 1057 838 1116 ‘perculsis
870 1069 1019 1105 pavore,
1053 1058 1091 1094 in
1125 1058 1230 1106 regia
1259 1059 1348 1095 sede
1380 1072 1447 1107 pro

171 1110 278 1146 curia
310 1110 458 1153 sedens,
486 1117 611 1158 patres
643 1109 681 1145 in
711 1109 855 1146 curiam
889 1122 954 1157 per
987 1122 1201 1158 praeconem
1238 1111 1284 1146 ad
1318 1124 1446 1169 regem

171 1161 423 1210 Tarquinium
454 1162 560 1198 citari
586 1162 708 1211 jussit.
783 1161 1005 1198 Convenere
1034 1162 1233 1220 extemplo,
1272 1162 1334 1199 alii
1368 1164 1445 1212 jam

168 1215 254 1250 ante
287 1214 334 1251 ad
364 1215 435 1250 hoc
463 1214 672 1263 praeparati,
711 1213 773 1250 alii
802 1221 915 1259 metu,
953 1227 1002 1250 ne
1034 1227 1109 1251 non
1139 1214 1287 1250 venisse
1325 1215 1445 1252 fraudi

121 1272 278 1310 20esset,
299 1265 462 1303 novitate
481 1278 526 1302 ac
546 1265 727 1302 miraculo
756 1265 915 1309 attoniti,
945 1273 982 1302 et
1005 1266 1083 1315 jam
1103 1266 1151 1303 de
1172 1267 1302 1303 Servio
1321 1275 1446 1305 actum

168 1317 250 1354 rati.
306 1318 365 1355 Ibi
402 1318 647 1366 Tarquinius,
684 1317 886 1354 maledicta
922 1319 969 1354 ab
1005 1318 1118 1367 stirpe
1150 1319 1280 1355 ultima
1315 1332 1445 1364 orsus3

169 1371 194 1392 “
212 1371 383 1415 Servum,
405 1371 583 1419 servaque
604 1378 744 1416 natum,
766 1376 849 1419 post
876 1378 1034 1408 mortem
1064 1371 1260 1420 indignam
1280 1372 1446 1420 parentis

168 1423 192 1445 “
207 1423 278 1467 sui,
300 1436 375 1460 non
392 1424 620 1472 interregno,
644 1432 684 1460 ut
712 1430 836 1467 antea,
870 1423 974 1466 inito,
1006 1436 1081 1460 non
1111 1423 1274 1460 comitiis
1294 1425 1444 1469 habitis,

165 1475 191 1497 “
207 1487 281 1511 non
303 1487 367 1524 per
387 1476 605 1524 suffragium
618 1475 755 1524 populi,
773 1487 848 1511 non
871 1476 1088 1512 auctoribus
1109 1476 1293 1519 Patribus,
1315 1477 1447 1514 mulie-

120 1541 154 1567 25
167 1527 190 1550 “
207 1526 262 1563 bri
282 1527 380 1564 dono
399 1539 557 1576 regnum
577 1528 796 1576 occupasse.
853 1527 911 1563 Ita
944 1534 1086 1573 natum,
1120 1528 1173 1564 ita
1201 1536 1369 1565 creatum
1386 1542 1448 1566 re-

165 1581 190 1602 “
205 1592 305 1628 gem,
327 1578 508 1616 fautorem
539 1579 657 1616 infimi
690 1579 841 1628 generis
871 1580 1080 1623 hominum,
1114 1593 1161 1616 ex
1189 1593 1262 1628 quo
1285 1581 1363 1629 ipse
1384 1583 1444 1624 sit,

165 1631 292 1668 “odio
311 1631 442 1667 alienae
471 1632 677 1668 honestatis
708 1639 879 1680 ereptum
911 1632 1137 1681 primoribus
1166 1645 1297 1681 agrum
1330 1634 1448 1670 sordi·

165 1683 360 1720 “dissimo
391 1683 527 1732 cuique
556 1684 747 1720 divisisse:
788 1684 916 1720 omnia
947 1697 1074 1730 onera,
1108 1697 1190 1732 quae
1228 1685 1447 1722 communia

165 1737 190 1759 “
206 1736 393 1784 quondam
415 1736 566 1778 fuerint,
588 1736 792 1772 inclinasse
819 1736 857 1772 in
877 1736 1058 1783 primores
1078 1737 1261 1773 civitatis:
1300 1737 1446 1773 institu-

119 1800 152 1826 30
165 1790 188 1811 “
204 1788 276 1825 isse
296 1800 467 1831 censum,
488 1795 528 1824 ut
548 1787 707 1837 insignis
727 1788 774 1824 ad
795 1788 973 1824 invidiam
993 1788 1277 1837 locupletiorum
1298 1788 1446 1825 fortuna

163 1843 188 1864 “
203 1848 314 1888 esset,
333 1847 371 1877 et
389 1847 530 1889 parata,
551 1841 665 1884 unde,
687 1840 749 1883 ubi
779 1840 902 1887 vellet,
936 1840 1190 1889 egentissimis
1209 1840 1443 1890 largiretur.''

215 1945 404 1984 XLVIII.
461 1945 565 1982 Huic
589 1944 748 1982 orationi
770 1945 923 1981 Servius
941 1957 1057 1993 quum
1078 1945 1351 1991 intervenisset,
1373 1953 1446 1982 tre-

163 1999 251 2048 pido
284 1999 417 2036 nuntio
453 1998 650 2043 excitatus,
679 1997 866 2045 extemplo
899 2010 921 2034 a
950 1997 1133 2034 vestibulo
1162 1997 1277 2034 curiae
1308 1998 1446 2046 magna

163 2064 269 2095 voce,
291 2054 314 2075 ‘⁶
331 2050 439 2090 Quid
460 2051 570 2093 hoc,''
592 2050 722 2098 inquit,
753 2052 776 2072 “
794 2049 994 2098 Tarquini,
1024 2052 1077 2086 rei
1097 2050 1183 2086 est?
1220 2051 1291 2098 qua
1320 2057 1360 2086 tu
1381 2063 1446 2086 au-

119 2105 188 2140 35“
207 2104 329 2150 dacia,
350 2115 409 2139 me
429 2103 523 2147 vivo,
557 2115 691 2138 vocare
713 2115 827 2138 ausus
855 2115 896 2138 es
916 2102 1057 2146 Patres,
1089 2108 1153 2138 aut
1182 2102 1220 2138 in
1246 2103 1335 2138 sede
1355 2115 1445 2139 con-

166 2156 327 2192 “sidere
357 2155 502 2192 mea‘ffl
558 2154 691 2194 Quum
721 2155 782 2192 ille
814 2154 986 2191 ferociter
1019 2155 1066 2190 ad
1100 2155 1194 2201 haec,
1223 2155 1312 2190 “Se
1330 2155 1444 2202 patris

165 2208 263 2244 “sui
283 2215 410 2244 tenere
430 2207 574 2254 sedem,
604 2206 736 2254 multo,
769 2205 881 2255 quam
912 2219 1074 2250 servum,
1107 2207 1289 2255 potiorem
1326 2206 1443 2243 filium

165 2259 304 2307 “regis
321 2259 427 2308 regni
458 2260 672 2296 haeredem:
724 2260 814 2296 satis
842 2259 946 2295 illum
976 2259 1040 2295 diu
1069 2271 1134 2307 per
1154 2258 1347 2295 licentiam
1367 2259 1445 2294 elu-

164 2314 189 2334 “
206 2311 357 2347 dentem
378 2311 574 2348 insultasse
594 2311 757 2348 dominis
772 2324 782 2355 3
798 2311 821 2327 '’
859 2311 1001 2347 clamor
1021 2311 1067 2347 ab
1087 2311 1280 2359 utriusque
1294 2310 1445 2347 fautori-

119 2374 151 2399 40
165 2364 236 2400 bus
255 2362 384 2408 oritur,
403 2369 440 2398 et
455 2375 662 2400 concursus
682 2363 807 2412 populi
830 2362 943 2399 fiebat
962 2363 999 2399 in
1019 2363 1163 2399 curiam
1180 2375 1188 2399 :
1226 2363 1445 2412 apparebat-

165 2428 237 2465 que
258 2421 513 2463 regnaturum,
533 2416 594 2462 qui
615 2416 776 2452 vicisset.
834 2415 936 2451 Tum
957 2415 1200 2463 Tarquinius,
1217 2414 1443 2450 necessitate

161 2468 240 2518 jam
262 2467 339 2516 ipsa
359 2473 518 2515 cogente
548 2467 678 2504 ultima
706 2467 858 2511 audere,
889 2467 1006 2503 multo
1032 2474 1070 2503 et
1101 2474 1208 2503 aetato
1239 2473 1276 2502 et
1305 2464 1444 2501 viribus
