<?xml version="1.0" encoding="UTF-8"?>
<!DOCTYPE html PUBLIC "-//W3C//DTD XHTML 1.0 Transitional//EN"
    "http://www.w3.org/TR/xhtml1/DTD/xhtml1-transitional.dtd">
<html xmlns="http://www.w3.org/1999/xhtml" xml:lang="en" lang="en">
 <head>
  <title>
</title>
<meta http-equiv="Content-Type" content="text/html;charset=utf-8" />
  <meta name='ocr-system' content='tesseract 3.04.00' />
  <meta name='ocr-capabilities' content='ocr_page ocr_carea ocr_par ocr_line ocrx_word'/>
</head>
<body>
  <div class='ocr_page' id='page_1' title='image "./historiarumliber00livyuoft_0101.png"; bbox 0 0 1617 2765; ppageno 0'>
   <div class='ocr_carea' id='block_1_1' title="bbox 498 205 1395 243">
    <p class='ocr_par' dir='ltr' id='par_1_1' title="bbox 498 205 1395 243">
     <span class='ocr_line' id='line_1_1' title="bbox 498 205 1395 243; baseline -0.002 -8"><span class='ocrx_word' id='word_1_1' title='bbox 498 205 638 235; x_wconf 84' lang='lat' dir='ltr'>LIBER</span> <span class='ocrx_word' id='word_1_2' title='bbox 663 205 725 235; x_wconf 92' lang='lat'>111.</span> <span class='ocrx_word' id='word_1_3' title='bbox 771 214 851 235; x_wconf 61' lang='lat' dir='ltr'>en.</span> <span class='ocrx_word' id='word_1_4' title='bbox 868 214 985 235; x_wconf 71' lang='lat' dir='ltr'>xxxvx.</span> <span class='ocrx_word' id='word_1_5' title='bbox 1343 206 1395 243; x_wconf 77' lang='lat'>83</span> 
     </span>
    </p>
   </div>
   <div class='ocr_carea' id='block_1_2' title="bbox 61 299 1397 1293">
    <p class='ocr_par' dir='ltr' id='par_1_2' title="bbox 78 299 1396 768">
     <span class='ocr_line' id='line_1_2' title="bbox 109 299 1394 357; baseline -0.004 -16"><span class='ocrx_word' id='word_1_6' title='bbox 109 303 133 325; x_wconf 87' lang='lat'>“</span> <span class='ocrx_word' id='word_1_7' title='bbox 149 314 298 352; x_wconf 84' lang='lat' dir='ltr'>cogere,</span> <span class='ocrx_word' id='word_1_8' title='bbox 318 307 355 338; x_wconf 90' lang='lat' dir='ltr'>et</span> <span class='ocrx_word' id='word_1_9' title='bbox 373 299 516 348; x_wconf 84' lang='lat' dir='ltr'>vulgari</span> <span class='ocrx_word' id='word_1_10' title='bbox 536 312 624 336; x_wconf 90' lang='lat' dir='ltr'>cum</span> <span class='ocrx_word' id='word_1_11' title='bbox 645 299 809 348; x_wconf 87' lang='lat' dir='ltr'>privatis,</span> <span class='ocrx_word' id='word_1_12' title='bbox 844 312 918 335; x_wconf 90' lang='lat' dir='ltr'>non</span> <span class='ocrx_word' id='word_1_13' title='bbox 941 306 1015 335; x_wconf 86' lang='lat' dir='ltr'>tam</span> <span class='ocrx_word' id='word_1_14' title='bbox 1036 299 1269 357; x_wconf 78' lang='lat' dir='ltr'>properantis</span> <span class='ocrx_word' id='word_1_15' title='bbox 1291 299 1394 336; x_wconf 84' lang='lat' dir='ltr'>abire</span> 
     </span>
     <span class='ocr_line' id='line_1_3' title="bbox 108 351 1393 403; baseline -0.002 -12"><span class='ocrx_word' id='word_1_16' title='bbox 108 355 380 403; x_wconf 80' lang='lat' dir='ltr'>“magistratu</span> <span class='ocrx_word' id='word_1_17' title='bbox 412 365 525 400; x_wconf 87' lang='lat' dir='ltr'>quam</span> <span class='ocrx_word' id='word_1_18' title='bbox 568 352 666 388; x_wconf 86' lang='lat' dir='ltr'>viam</span> <span class='ocrx_word' id='word_1_19' title='bbox 709 353 755 388; x_wconf 91' lang='lat' dir='ltr'>ad</span> <span class='ocrx_word' id='word_1_20' title='bbox 798 351 1100 388; x_wconf 82' lang='lat' dir='ltr'>continuandum</span> <span class='ocrx_word' id='word_1_21' title='bbox 1135 351 1393 399; x_wconf 83' lang='lat' dir='ltr'>magistratum</span> 
     </span>
     <span class='ocr_line' id='line_1_4' title="bbox 108 403 1393 462; baseline -0.002 -19"><span class='ocrx_word' id='word_1_22' title='bbox 108 409 131 430; x_wconf 75' lang='lat'>‘⁴</span> <span class='ocrx_word' id='word_1_23' title='bbox 148 406 360 456; x_wconf 87' lang='lat' dir='ltr'>quaerentiS,</span> <span class='ocrx_word' id='word_1_24' title='bbox 380 417 476 441; x_wconf 86' lang='lat' dir='ltr'>esse.</span> <span class='ocrx_word' id='word_1_25' title='bbox 480 404 503 421; x_wconf 87' lang='lat'>&#39;’</span> <span class='ocrx_word' id='word_1_26' title='bbox 560 404 757 462; x_wconf 77' lang='lat' dir='ltr'>Propalani</span> <span class='ocrx_word' id='word_1_27' title='bbox 777 403 956 441; x_wconf 88' lang='lat' dir='ltr'>obviam</span> <span class='ocrx_word' id='word_1_28' title='bbox 949 417 1001 439; x_wconf 84' lang='lat' dir='ltr'>ire</span> <span class='ocrx_word' id='word_1_29' title='bbox 1028 403 1226 451; x_wconf 75' lang='lat' dir='ltr'>cupiditati</span> <span class='ocrx_word' id='word_1_30' title='bbox 1262 416 1393 451; x_wconf 85' lang='lat' dir='ltr'>parum</span> 
     </span>
     <span class='ocr_line' id='line_1_5' title="bbox 108 457 1395 505; baseline -0.004 -9"><span class='ocrx_word' id='word_1_31' title='bbox 108 460 201 502; x_wconf 88' lang='lat' dir='ltr'>ausi,</span> <span class='ocrx_word' id='word_1_32' title='bbox 230 457 527 494; x_wconf 88' lang='lat' dir='ltr'>obsecundando</span> <span class='ocrx_word' id='word_1_33' title='bbox 556 457 700 493; x_wconf 87' lang='lat' dir='ltr'>mollire</span> <span class='ocrx_word' id='word_1_34' title='bbox 730 457 910 505; x_wconf 87' lang='lat' dir='ltr'>impetum</span> <span class='ocrx_word' id='word_1_35' title='bbox 934 457 1231 505; x_wconf 78' lang='lat' dir='ltr'>aggrediuntur:</span> <span class='ocrx_word' id='word_1_36' title='bbox 1279 457 1395 492; x_wconf 88' lang='lat' dir='ltr'>comi-</span> 
     </span>
     <span class='ocr_line' id='line_1_6' title="bbox 78 508 1394 557; baseline -0.005 -7"><span class='ocrx_word' id='word_1_37' title='bbox 78 512 242 551; x_wconf 77' lang='lat' dir='ltr'>stiorum</span> <span class='ocrx_word' id='word_1_38' title='bbox 274 510 326 546; x_wconf 90' lang='lat' dir='ltr'>illi</span> <span class='ocrx_word' id='word_1_39' title='bbox 359 510 634 556; x_wconf 87' lang='lat' dir='ltr'>habendorum,</span> <span class='ocrx_word' id='word_1_40' title='bbox 655 510 805 557; x_wconf 85' lang='lat' dir='ltr'>quando</span> <span class='ocrx_word' id='word_1_41' title='bbox 835 509 1016 545; x_wconf 87' lang='lat' dir='ltr'>minimus</span> <span class='ocrx_word' id='word_1_42' title='bbox 1049 516 1140 544; x_wconf 86' lang='lat' dir='ltr'>natu</span> <span class='ocrx_word' id='word_1_43' title='bbox 1174 508 1234 554; x_wconf 87' lang='lat' dir='ltr'>sit,</span> <span class='ocrx_word' id='word_1_44' title='bbox 1256 521 1394 544; x_wconf 86' lang='lat' dir='ltr'>munus</span> 
     </span>
     <span class='ocr_line' id='line_1_7' title="bbox 106 561 1394 612; baseline -0.003 -12"><span class='ocrx_word' id='word_1_45' title='bbox 106 576 293 601; x_wconf 88' lang='lat' dir='ltr'>consensu</span> <span class='ocrx_word' id='word_1_46' title='bbox 324 562 539 612; x_wconf 83' lang='lat' dir='ltr'>injungunt.</span> <span class='ocrx_word' id='word_1_47' title='bbox 597 563 672 598; x_wconf 91' lang='lat' dir='ltr'>Ars</span> <span class='ocrx_word' id='word_1_48' title='bbox 702 563 784 598; x_wconf 81' lang='lat' dir='ltr'>haec</span> <span class='ocrx_word' id='word_1_49' title='bbox 814 569 907 604; x_wconf 88' lang='lat' dir='ltr'>erat,</span> <span class='ocrx_word' id='word_1_50' title='bbox 937 574 985 598; x_wconf 90' lang='lat' dir='ltr'>ne</span> <span class='ocrx_word' id='word_1_51' title='bbox 1016 568 1136 597; x_wconf 79' lang='lat' dir='ltr'>semet</span> <span class='ocrx_word' id='word_1_52' title='bbox 1157 561 1234 609; x_wconf 89' lang='lat' dir='ltr'>ipse</span> <span class='ocrx_word' id='word_1_53' title='bbox 1264 574 1394 597; x_wconf 86' lang='lat' dir='ltr'>creare</span> 
     </span>
     <span class='ocr_line' id='line_1_8' title="bbox 105 613 1396 665; baseline -0.003 -12"><span class='ocrx_word' id='word_1_54' title='bbox 105 623 254 665; x_wconf 83' lang='lat' dir='ltr'>posset;</span> <span class='ocrx_word' id='word_1_55' title='bbox 284 615 383 663; x_wconf 92' lang='lat' dir='ltr'>quod</span> <span class='ocrx_word' id='word_1_56' title='bbox 413 621 547 664; x_wconf 82' lang='lat' dir='ltr'>praeter</span> <span class='ocrx_word' id='word_1_57' title='bbox 575 614 745 651; x_wconf 88' lang='lat' dir='ltr'>tribunos</span> <span class='ocrx_word' id='word_1_58' title='bbox 774 614 894 663; x_wconf 88' lang='lat' dir='ltr'>plebis</span> <span class='ocrx_word' id='word_1_59' title='bbox 924 613 980 663; x_wconf 78' lang='lat' dir='ltr'>(et</span> <span class='ocrx_word' id='word_1_60' title='bbox 1009 614 1047 650; x_wconf 89' lang='lat' dir='ltr'>id</span> <span class='ocrx_word' id='word_1_61' title='bbox 1078 614 1202 662; x_wconf 88' lang='lat' dir='ltr'>ipsum</span> <span class='ocrx_word' id='word_1_62' title='bbox 1232 614 1396 662; x_wconf 87' lang='lat' dir='ltr'>pessimo</span> 
     </span>
     <span class='ocr_line' id='line_1_9' title="bbox 105 666 1395 718; baseline -0.003 -13"><span class='ocrx_word' id='word_1_63' title='bbox 105 668 295 718; x_wconf 83' lang='lat' dir='ltr'>exemplo)</span> <span class='ocrx_word' id='word_1_64' title='bbox 315 680 427 704; x_wconf 88' lang='lat' dir='ltr'>nemo</span> <span class='ocrx_word' id='word_1_65' title='bbox 447 680 613 716; x_wconf 89' lang='lat' dir='ltr'>unquam</span> <span class='ocrx_word' id='word_1_66' title='bbox 643 667 806 704; x_wconf 84' lang='lat' dir='ltr'><strong>fecisset.</strong></span> <span class='ocrx_word' id='word_1_67' title='bbox 864 667 932 703; x_wconf 89' lang='lat' dir='ltr'>Ille</span> <span class='ocrx_word' id='word_1_68' title='bbox 952 666 1158 711; x_wconf 86' lang='lat' dir='ltr'>enimvero,</span> <span class='ocrx_word' id='word_1_69' title='bbox 1177 666 1276 714; x_wconf 87' lang='lat' dir='ltr'>quod</span> <span class='ocrx_word' id='word_1_70' title='bbox 1298 666 1395 702; x_wconf 89' lang='lat' dir='ltr'>bene</span> 
     </span>
     <span class='ocr_line' id='line_1_10' title="bbox 105 719 1396 768; baseline -0.002 -11"><span class='ocrx_word' id='word_1_71' title='bbox 105 728 235 763; x_wconf 86' lang='lat' dir='ltr'>vertat,</span> <span class='ocrx_word' id='word_1_72' title='bbox 258 720 473 757; x_wconf 85' lang='lat' dir='ltr'>habiturum</span> <span class='ocrx_word' id='word_1_73' title='bbox 503 732 543 756; x_wconf 92' lang='lat' dir='ltr'>se</span> <span class='ocrx_word' id='word_1_74' title='bbox 572 720 725 756; x_wconf 85' lang='lat' dir='ltr'>comitia</span> <span class='ocrx_word' id='word_1_75' title='bbox 753 719 956 768; x_wconf 87' lang='lat' dir='ltr'>professus,</span> <span class='ocrx_word' id='word_1_76' title='bbox 988 719 1302 767; x_wconf 87' lang='lat' dir='ltr'>impedimentum</span> <span class='ocrx_word' id='word_1_77' title='bbox 1330 731 1396 767; x_wconf 87' lang='lat' dir='ltr'>pro</span> 
     </span>
    </p>

    <p class='ocr_par' dir='ltr' id='par_1_3' title="bbox 63 771 1397 1030">
     <span class='ocr_line' id='line_1_11' title="bbox 63 771 1397 821; baseline -0.002 -11"><span class='ocrx_word' id='word_1_78' title='bbox 63 789 92 814; x_wconf 89' lang='lat'>10</span> <span class='ocrx_word' id='word_1_79' title='bbox 104 773 306 810; x_wconf 82' lang='lat' dir='ltr'>occasione</span> <span class='ocrx_word' id='word_1_80' title='bbox 336 772 516 821; x_wconf 85' lang='lat' dir='ltr'>arripuit:</span> <span class='ocrx_word' id='word_1_81' title='bbox 564 773 796 821; x_wconf 71' lang='lat' dir='ltr'>deiectisque</span> <span class='ocrx_word' id='word_1_82' title='bbox 825 773 965 808; x_wconf 87' lang='lat' dir='ltr'>honore</span> <span class='ocrx_word' id='word_1_83' title='bbox 995 784 1060 820; x_wconf 87' lang='lat' dir='ltr'>per</span> <span class='ocrx_word' id='word_1_84' title='bbox 1080 771 1285 808; x_wconf 83' lang='lat' dir='ltr'>coitionem</span> <span class='ocrx_word' id='word_1_85' title='bbox 1306 772 1397 808; x_wconf 89' lang='lat' dir='ltr'>duo-</span> 
     </span>
     <span class='ocr_line' id='line_1_12' title="bbox 106 825 1393 874; baseline -0.002 -13"><span class='ocrx_word' id='word_1_86' title='bbox 106 826 175 861; x_wconf 86' lang='lat' dir='ltr'>bus</span> <span class='ocrx_word' id='word_1_87' title='bbox 211 825 398 868; x_wconf 80' lang='lat' dir='ltr'>Quintiis,</span> <span class='ocrx_word' id='word_1_88' title='bbox 438 825 653 874; x_wconf 88' lang='lat' dir='ltr'>Capitolino</span> <span class='ocrx_word' id='word_1_89' title='bbox 682 832 718 861; x_wconf 88' lang='lat' dir='ltr'>et</span> <span class='ocrx_word' id='word_1_90' title='bbox 747 825 992 867; x_wconf 82' lang='lat' dir='ltr'>Cincinnato,</span> <span class='ocrx_word' id='word_1_91' title='bbox 1023 830 1061 860; x_wconf 86' lang='lat' dir='ltr'>et</span> <span class='ocrx_word' id='word_1_92' title='bbox 1089 830 1221 872; x_wconf 90' lang='lat' dir='ltr'>patruo</span> <span class='ocrx_word' id='word_1_93' title='bbox 1251 837 1319 860; x_wconf 86' lang='lat' dir='ltr'>suo</span> <span class='ocrx_word' id='word_1_94' title='bbox 1348 825 1393 860; x_wconf 91' lang='lat' dir='ltr'>C.</span> 
     </span>
     <span class='ocr_line' id='line_1_13' title="bbox 106 877 1396 925; baseline -0.002 -11"><span class='ocrx_word' id='word_1_95' title='bbox 106 878 281 921; x_wconf 80' lang='lat' dir='ltr'>Claudio,</span> <span class='ocrx_word' id='word_1_96' title='bbox 311 877 616 914; x_wconf 87' lang='lat' dir='ltr'>constantissimo</span> <span class='ocrx_word' id='word_1_97' title='bbox 645 877 723 913; x_wconf 91' lang='lat' dir='ltr'>viro</span> <span class='ocrx_word' id='word_1_98' title='bbox 752 878 790 913; x_wconf 95' lang='lat' dir='ltr'>in</span> <span class='ocrx_word' id='word_1_99' title='bbox 820 877 1056 925; x_wconf 85' lang='lat' dir='ltr'>optimatium</span> <span class='ocrx_word' id='word_1_100' title='bbox 1091 878 1216 922; x_wconf 71' lang='lat' dir='ltr'>causa,</span> <span class='ocrx_word' id='word_1_101' title='bbox 1247 883 1285 913; x_wconf 88' lang='lat' dir='ltr'>et</span> <span class='ocrx_word' id='word_1_102' title='bbox 1313 877 1396 912; x_wconf 87' lang='lat' dir='ltr'>aliis</span> 
     </span>
     <span class='ocr_line' id='line_1_14' title="bbox 105 929 1396 978; baseline -0.001 -13"><span class='ocrx_word' id='word_1_103' title='bbox 105 930 276 978; x_wconf 87' lang='lat' dir='ltr'>ejusdem</span> <span class='ocrx_word' id='word_1_104' title='bbox 316 929 454 978; x_wconf 80' lang='lat' dir='ltr'>fastigii</span> <span class='ocrx_word' id='word_1_105' title='bbox 483 930 643 971; x_wconf 88' lang='lat' dir='ltr'>civibus,</span> <span class='ocrx_word' id='word_1_106' title='bbox 674 930 912 977; x_wconf 72' lang='lat' dir='ltr'>nequaquam</span> <span class='ocrx_word' id='word_1_107' title='bbox 943 929 1142 976; x_wconf 81' lang='lat' dir='ltr'>splendore</span> <span class='ocrx_word' id='word_1_108' title='bbox 1171 929 1256 965; x_wconf 81' lang='lat' dir='ltr'>vitae</span> <span class='ocrx_word' id='word_1_109' title='bbox 1286 942 1396 977; x_wconf 88' lang='lat' dir='ltr'>pares</span> 
     </span>
     <span class='ocr_line' id='line_1_15' title="bbox 104 981 1395 1030; baseline -0.001 -12"><span class='ocrx_word' id='word_1_110' title='bbox 104 982 339 1018; x_wconf 90' lang='lat' dir='ltr'>decemviros</span> <span class='ocrx_word' id='word_1_111' title='bbox 373 990 498 1026; x_wconf 88' lang='lat' dir='ltr'>creat;</span> <span class='ocrx_word' id='word_1_112' title='bbox 538 994 578 1017; x_wconf 90' lang='lat' dir='ltr'>se</span> <span class='ocrx_word' id='word_1_113' title='bbox 612 981 651 1017; x_wconf 91' lang='lat' dir='ltr'>in</span> <span class='ocrx_word' id='word_1_114' title='bbox 680 981 822 1030; x_wconf 82' lang='lat' dir='ltr'>primiS‚</span> <span class='ocrx_word' id='word_1_115' title='bbox 852 981 951 1028; x_wconf 90' lang='lat' dir='ltr'>quod</span> <span class='ocrx_word' id='word_1_116' title='bbox 982 981 1082 1016; x_wconf 86' lang='lat' dir='ltr'>haud</span> <span class='ocrx_word' id='word_1_117' title='bbox 1112 993 1223 1017; x_wconf 90' lang='lat' dir='ltr'>secus</span> <span class='ocrx_word' id='word_1_118' title='bbox 1253 981 1395 1017; x_wconf 83' lang='lat' dir='ltr'>facturn</span> 
     </span>
    </p>

    <p class='ocr_par' dir='ltr' id='par_1_4' title="bbox 61 1032 1396 1293">
     <span class='ocr_line' id='line_1_16' title="bbox 61 1032 1394 1082; baseline -0.001 -12"><span class='ocrx_word' id='word_1_119' title='bbox 61 1051 92 1076; x_wconf 88' lang='lat'>15</span> <span class='ocrx_word' id='word_1_120' title='bbox 104 1033 366 1082; x_wconf 84' lang='lat' dir='ltr'>improbabant</span> <span class='ocrx_word' id='word_1_121' title='bbox 395 1033 498 1076; x_wconf 89' lang='lat' dir='ltr'>boni,</span> <span class='ocrx_word' id='word_1_122' title='bbox 519 1032 631 1082; x_wconf 69' lang='lat' dir='ltr'>quam</span> <span class='ocrx_word' id='word_1_123' title='bbox 662 1046 775 1070; x_wconf 90' lang='lat' dir='ltr'>nemo</span> <span class='ocrx_word' id='word_1_124' title='bbox 804 1033 929 1069; x_wconf 87' lang='lat' dir='ltr'>facere</span> <span class='ocrx_word' id='word_1_125' title='bbox 959 1045 1139 1069; x_wconf 84' lang='lat' dir='ltr'>ausurum</span> <span class='ocrx_word' id='word_1_126' title='bbox 1169 1033 1394 1070; x_wconf 79' lang='lat' dir='ltr'>crediderat.</span> 
     </span>
     <span class='ocr_line' id='line_1_17' title="bbox 107 1085 1393 1134; baseline -0.001 -12"><span class='ocrx_word' id='word_1_127' title='bbox 107 1085 234 1123; x_wconf 80' lang='lat' dir='ltr'>Creati</span> <span class='ocrx_word' id='word_1_128' title='bbox 272 1098 361 1122; x_wconf 89' lang='lat' dir='ltr'>cum</span> <span class='ocrx_word' id='word_1_129' title='bbox 397 1098 443 1123; x_wconf 91' lang='lat' dir='ltr'>eo</span> <span class='ocrx_word' id='word_1_130' title='bbox 476 1085 531 1122; x_wconf 92' lang='lat' dir='ltr'>M.</span> <span class='ocrx_word' id='word_1_131' title='bbox 565 1086 766 1122; x_wconf 86' lang='lat' dir='ltr'>Cornelius</span> <span class='ocrx_word' id='word_1_132' title='bbox 801 1085 1093 1134; x_wconf 77' lang='lat' dir='ltr'>Maluginensis,</span> <span class='ocrx_word' id='word_1_133' title='bbox 1143 1085 1198 1122; x_wconf 89' lang='lat' dir='ltr'>M.</span> <span class='ocrx_word' id='word_1_134' title='bbox 1221 1086 1393 1134; x_wconf 85' lang='lat' dir='ltr'>Sergius,</span> 
     </span>
     <span class='ocr_line' id='line_1_18' title="bbox 105 1137 1396 1186; baseline -0.001 -11"><span class='ocrx_word' id='word_1_135' title='bbox 105 1137 150 1176; x_wconf 89' lang='lat' dir='ltr'>L.</span> <span class='ocrx_word' id='word_1_136' title='bbox 173 1138 385 1186; x_wconf 86' lang='lat' dir='ltr'>Minucius,</span> <span class='ocrx_word' id='word_1_137' title='bbox 428 1137 481 1177; x_wconf 78' lang='lat' dir='ltr'>Q.</span> <span class='ocrx_word' id='word_1_138' title='bbox 503 1138 646 1175; x_wconf 82' lang='lat' dir='ltr'>Fabius</span> <span class='ocrx_word' id='word_1_139' title='bbox 667 1138 893 1183; x_wconf 79' lang='lat' dir='ltr'>Vibulanus,</span> <span class='ocrx_word' id='word_1_140' title='bbox 914 1138 966 1177; x_wconf 76' lang='lat' dir='ltr'>Q.</span> <span class='ocrx_word' id='word_1_141' title='bbox 990 1138 1184 1185; x_wconf 79' lang='lat' dir='ltr'>Poetelius,</span> <span class='ocrx_word' id='word_1_142' title='bbox 1205 1138 1254 1175; x_wconf 90' lang='lat' dir='ltr'>T.</span> <span class='ocrx_word' id='word_1_143' title='bbox 1276 1139 1396 1175; x_wconf 84' lang='lat' dir='ltr'>Anto-</span> 
     </span>
     <span class='ocr_line' id='line_1_19' title="bbox 104 1190 1395 1240; baseline 0 -13"><span class='ocrx_word' id='word_1_144' title='bbox 104 1191 190 1227; x_wconf 88' lang='lat' dir='ltr'>nius</span> <span class='ocrx_word' id='word_1_145' title='bbox 211 1190 411 1235; x_wconf 82' lang='lat' dir='ltr'>Merenda,</span> <span class='ocrx_word' id='word_1_146' title='bbox 429 1191 539 1228; x_wconf 86' lang='lat' dir='ltr'>Caeso</span> <span class='ocrx_word' id='word_1_147' title='bbox 555 1191 719 1235; x_wconf 90' lang='lat' dir='ltr'>Duilius,</span> <span class='ocrx_word' id='word_1_148' title='bbox 749 1192 813 1240; x_wconf 83' lang='lat' dir='ltr'>Sp.</span> <span class='ocrx_word' id='word_1_149' title='bbox 836 1191 984 1240; x_wconf 86' lang='lat' dir='ltr'>Oppius</span> <span class='ocrx_word' id='word_1_150' title='bbox 1013 1190 1220 1234; x_wconf 86' lang='lat' dir='ltr'>Cornicen,</span> <span class='ocrx_word' id='word_1_151' title='bbox 1240 1190 1395 1227; x_wconf 88' lang='lat' dir='ltr'>Manius</span> 
     </span>
     <span class='ocr_line' id='line_1_20' title="bbox 104 1243 329 1293; baseline 0 -13"><span class='ocrx_word' id='word_1_152' title='bbox 104 1243 329 1293; x_wconf 87' lang='lat' dir='ltr'>Rabulejus.</span> 
     </span>
    </p>
   </div>
   <div class='ocr_carea' id='block_1_3' title="bbox 58 1348 1395 2554">
    <p class='ocr_par' dir='ltr' id='par_1_5' title="bbox 58 1348 1394 1609">
     <span class='ocr_line' id='line_1_21' title="bbox 58 1348 1392 1399; baseline 0.001 -13"><span class='ocrx_word' id='word_1_153' title='bbox 58 1367 92 1392; x_wconf 75' lang='lat'>20</span> <span class='ocrx_word' id='word_1_154' title='bbox 157 1348 351 1386; x_wconf 91' lang='lat' dir='ltr'><strong>XXXVI.</strong></span> <span class='ocrx_word' id='word_1_155' title='bbox 382 1349 451 1386; x_wconf 86' lang='lat' dir='ltr'>Ille</span> <span class='ocrx_word' id='word_1_156' title='bbox 471 1349 557 1386; x_wconf 87' lang='lat' dir='ltr'>finis</span> <span class='ocrx_word' id='word_1_157' title='bbox 586 1350 713 1399; x_wconf 88' lang='lat' dir='ltr'>Appio</span> <span class='ocrx_word' id='word_1_158' title='bbox 742 1351 876 1387; x_wconf 81' lang='lat' dir='ltr'>alienae</span> <span class='ocrx_word' id='word_1_159' title='bbox 905 1362 1074 1399; x_wconf 87' lang='lat' dir='ltr'>personae</span> <span class='ocrx_word' id='word_1_160' title='bbox 1105 1349 1270 1386; x_wconf 61' lang='lat' dir='ltr'>ferendae</span> <span class='ocrx_word' id='word_1_161' title='bbox 1301 1349 1392 1388; x_wconf 85' lang='lat' dir='ltr'>fuit:</span> 
     </span>
     <span class='ocr_line' id='line_1_22' title="bbox 104 1402 1394 1452; baseline 0.002 -14"><span class='ocrx_word' id='word_1_162' title='bbox 104 1414 172 1438; x_wconf 91' lang='lat' dir='ltr'>suo</span> <span class='ocrx_word' id='word_1_163' title='bbox 197 1402 274 1450; x_wconf 79' lang='lat' dir='ltr'>Jam</span> <span class='ocrx_word' id='word_1_164' title='bbox 304 1402 393 1438; x_wconf 91' lang='lat' dir='ltr'>inde</span> <span class='ocrx_word' id='word_1_165' title='bbox 425 1402 549 1439; x_wconf 87' lang='lat' dir='ltr'>vivere</span> <span class='ocrx_word' id='word_1_166' title='bbox 584 1403 739 1452; x_wconf 83' lang='lat' dir='ltr'>ingenio</span> <span class='ocrx_word' id='word_1_167' title='bbox 759 1403 885 1451; x_wconf 85' lang='lat' dir='ltr'>coepit,</span> <span class='ocrx_word' id='word_1_168' title='bbox 906 1415 1095 1450; x_wconf 85' lang='lat' dir='ltr'>novosque</span> <span class='ocrx_word' id='word_1_169' title='bbox 1125 1402 1290 1451; x_wconf 83' lang='lat' dir='ltr'>collegas</span> <span class='ocrx_word' id='word_1_170' title='bbox 1315 1403 1394 1452; x_wconf 81' lang='lat' dir='ltr'>jam</span> 
     </span>
     <span class='ocr_line' id='line_1_23' title="bbox 103 1453 1393 1503; baseline 0.002 -13"><span class='ocrx_word' id='word_1_171' title='bbox 103 1454 225 1503; x_wconf 61' lang='lat' dir='ltr'>prins,</span> <span class='ocrx_word' id='word_1_172' title='bbox 259 1453 369 1502; x_wconf 74' lang='lat' dir='ltr'>quam</span> <span class='ocrx_word' id='word_1_173' title='bbox 403 1454 543 1491; x_wconf 90' lang='lat' dir='ltr'>inirent</span> <span class='ocrx_word' id='word_1_174' title='bbox 580 1456 854 1503; x_wconf 82' lang='lat' dir='ltr'>magistratum,</span> <span class='ocrx_word' id='word_1_175' title='bbox 886 1456 922 1491; x_wconf 92' lang='lat' dir='ltr'>in</span> <span class='ocrx_word' id='word_1_176' title='bbox 953 1468 1039 1491; x_wconf 86' lang='lat' dir='ltr'>suos</span> <span class='ocrx_word' id='word_1_177' title='bbox 1069 1468 1191 1491; x_wconf 88' lang='lat' dir='ltr'>mores</span> <span class='ocrx_word' id='word_1_178' title='bbox 1221 1456 1393 1492; x_wconf 71' lang='lat' dir='ltr'>formare.</span> 
     </span>
     <span class='ocr_line' id='line_1_24' title="bbox 103 1505 1394 1556; baseline -0.002 -11"><span class='ocrx_word' id='word_1_179' title='bbox 103 1505 289 1546; x_wconf 80' lang='lat' dir='ltr'>Quotidie</span> <span class='ocrx_word' id='word_1_180' title='bbox 326 1507 480 1543; x_wconf 84' lang='lat' dir='ltr'>coibant</span> <span class='ocrx_word' id='word_1_181' title='bbox 508 1508 661 1544; x_wconf 88' lang='lat' dir='ltr'>remotis</span> <span class='ocrx_word' id='word_1_182' title='bbox 690 1508 863 1551; x_wconf 86' lang='lat' dir='ltr'>arbitris;</span> <span class='ocrx_word' id='word_1_183' title='bbox 912 1507 1000 1543; x_wconf 88' lang='lat' dir='ltr'>inde</span> <span class='ocrx_word' id='word_1_184' title='bbox 1040 1508 1310 1556; x_wconf 86' lang='lat' dir='ltr'>impotentibus</span> <span class='ocrx_word' id='word_1_185' title='bbox 1340 1509 1394 1544; x_wconf 90' lang='lat' dir='ltr'>in-</span> 
     </span>
     <span class='ocr_line' id='line_1_25' title="bbox 104 1558 1393 1609; baseline 0.001 -14"><span class='ocrx_word' id='word_1_186' title='bbox 104 1559 234 1595; x_wconf 82' lang='lat' dir='ltr'>structi</span> <span class='ocrx_word' id='word_1_187' title='bbox 255 1558 435 1602; x_wconf 87' lang='lat' dir='ltr'>consiliis,</span> <span class='ocrx_word' id='word_1_188' title='bbox 456 1572 538 1607; x_wconf 85' lang='lat' dir='ltr'>quae</span> <span class='ocrx_word' id='word_1_189' title='bbox 567 1559 713 1596; x_wconf 68' lang='lat' dir='ltr'>secreto</span> <span class='ocrx_word' id='word_1_190' title='bbox 743 1561 790 1596; x_wconf 89' lang='lat' dir='ltr'>ab</span> <span class='ocrx_word' id='word_1_191' title='bbox 819 1560 902 1596; x_wconf 88' lang='lat' dir='ltr'>aliis</span> <span class='ocrx_word' id='word_1_192' title='bbox 931 1560 1157 1607; x_wconf 76' lang='lat' dir='ltr'>coquebant,</span> <span class='ocrx_word' id='word_1_193' title='bbox 1184 1560 1261 1609; x_wconf 78' lang='lat' dir='ltr'>J&#39;arn</span> <span class='ocrx_word' id='word_1_194' title='bbox 1292 1560 1393 1597; x_wconf 86' lang='lat' dir='ltr'>haud</span> 
     </span>
    </p>

    <p class='ocr_par' dir='ltr' id='par_1_6' title="bbox 59 1611 1394 1714">
     <span class='ocr_line' id='line_1_26' title="bbox 59 1611 1393 1660; baseline 0.002 -14"><span class='ocrx_word' id='word_1_195' title='bbox 59 1629 92 1655; x_wconf 80' lang='lat'>25</span> <span class='ocrx_word' id='word_1_196' title='bbox 105 1611 377 1647; x_wconf 86' lang='lat' dir='ltr'>dissimulando</span> <span class='ocrx_word' id='word_1_197' title='bbox 396 1612 622 1660; x_wconf 83' lang='lat' dir='ltr'>superbiam,</span> <span class='ocrx_word' id='word_1_198' title='bbox 643 1613 715 1649; x_wconf 87' lang='lat' dir='ltr'>rari</span> <span class='ocrx_word' id='word_1_199' title='bbox 733 1612 874 1658; x_wconf 67' lang='lat' dir='ltr'>aditus,</span> <span class='ocrx_word' id='word_1_200' title='bbox 888 1612 1189 1660; x_wconf 89' lang='lat' dir='ltr'>colloquentibus</span> <span class='ocrx_word' id='word_1_201' title='bbox 1205 1613 1393 1660; x_wconf 88' lang='lat' dir='ltr'>difficiles,</span> 
     </span>
     <span class='ocr_line' id='line_1_27' title="bbox 105 1662 1394 1714; baseline 0.002 -15"><span class='ocrx_word' id='word_1_202' title='bbox 105 1664 152 1699; x_wconf 91' lang='lat' dir='ltr'>ad</span> <span class='ocrx_word' id='word_1_203' title='bbox 177 1663 268 1699; x_wconf 89' lang='lat' dir='ltr'>Idus</span> <span class='ocrx_word' id='word_1_204' title='bbox 300 1662 423 1712; x_wconf 82' lang='lat' dir='ltr'>Majas</span> <span class='ocrx_word' id='word_1_205' title='bbox 451 1677 530 1700; x_wconf 90' lang='lat' dir='ltr'>rem</span> <span class='ocrx_word' id='word_1_206' title='bbox 560 1665 781 1713; x_wconf 69' lang='lat' dir='ltr'>perduxere</span> <span class='ocrx_word' id='word_1_207' title='bbox 838 1665 931 1701; x_wconf 91' lang='lat' dir='ltr'>ldus</span> <span class='ocrx_word' id='word_1_208' title='bbox 959 1672 1038 1700; x_wconf 89' lang='lat' dir='ltr'>tum</span> <span class='ocrx_word' id='word_1_209' title='bbox 1075 1664 1187 1714; x_wconf 85' lang='lat' dir='ltr'>Majae</span> <span class='ocrx_word' id='word_1_210' title='bbox 1217 1665 1394 1702; x_wconf 86' lang='lat' dir='ltr'>solennes</span> 
     </span>
    </p>

    <p class='ocr_par' dir='ltr' id='par_1_7' title="bbox 60 1715 1395 1924">
     <span class='ocr_line' id='line_1_28' title="bbox 60 1715 1393 1790; baseline 0.002 -39"><span class='ocrx_word' id='word_1_211' title='bbox 60 1715 284 1790; x_wconf 56' lang='lat' dir='ltr'>{ineundis</span> <span class='ocrx_word' id='word_1_212' title='bbox 323 1716 603 1765; x_wconf 85' lang='lat' dir='ltr'>magistratibus</span> <span class='ocrx_word' id='word_1_213' title='bbox 645 1725 764 1753; x_wconf 88' lang='lat' dir='ltr'>erant.</span> <span class='ocrx_word' id='word_1_214' title='bbox 839 1717 955 1754; x_wconf 89' lang='lat' dir='ltr'>Initio</span> <span class='ocrx_word' id='word_1_215' title='bbox 997 1717 1111 1765; x_wconf 79' lang='lat' dir='ltr'>igitur</span> <span class='ocrx_word' id='word_1_216' title='bbox 1154 1717 1393 1765; x_wconf 83' lang='lat' dir='ltr'>magistratus</span> 
     </span>
     <span class='ocr_line' id='line_1_29' title="bbox 60 1768 1395 1831; baseline 0.001 -27.035"><span class='ocrx_word' id='word_1_217' title='bbox 60 1768 266 1831; x_wconf 57' lang='lat' dir='ltr'>‘gprimum</span> <span class='ocrx_word' id='word_1_218' title='bbox 296 1768 449 1805; x_wconf 88' lang='lat' dir='ltr'>honoris</span> <span class='ocrx_word' id='word_1_219' title='bbox 477 1769 578 1806; x_wconf 90' lang='lat' dir='ltr'>diem</span> <span class='ocrx_word' id='word_1_220' title='bbox 620 1769 908 1806; x_wconf 81' lang='lat' dir='ltr'>denuntiatione</span> <span class='ocrx_word' id='word_1_221' title='bbox 948 1769 1115 1817; x_wconf 85' lang='lat' dir='ltr'>ingentis</span> <span class='ocrx_word' id='word_1_222' title='bbox 1152 1770 1305 1805; x_wconf 87' lang='lat' dir='ltr'>terroris</span> <span class='ocrx_word' id='word_1_223' title='bbox 1338 1770 1395 1807; x_wconf 91' lang='lat' dir='ltr'>in-</span> 
     </span>
     <span class='ocr_line' id='line_1_30' title="bbox 67 1815 1393 1871; baseline 0.002 -15.059"><span class='ocrx_word' id='word_1_224' title='bbox 67 1815 252 1871; x_wconf 56' lang='lat' dir='ltr'>{signem</span> <span class='ocrx_word' id='word_1_225' title='bbox 282 1820 437 1857; x_wconf 65' lang='lat' dir='ltr'>fect-re:</span> <span class='ocrx_word' id='word_1_226' title='bbox 494 1834 596 1869; x_wconf 89' lang='lat' dir='ltr'>nam,</span> <span class='ocrx_word' id='word_1_227' title='bbox 636 1834 751 1869; x_wconf 92' lang='lat' dir='ltr'>quum</span> <span class='ocrx_word' id='word_1_228' title='bbox 791 1823 842 1858; x_wconf 85' lang='lat' dir='ltr'>ita</span> <span class='ocrx_word' id='word_1_229' title='bbox 884 1822 1025 1871; x_wconf 86' lang='lat' dir='ltr'>priores</span> <span class='ocrx_word' id='word_1_230' title='bbox 1068 1822 1274 1858; x_wconf 86' lang='lat' dir='ltr'>decemviri</span> <span class='ocrx_word' id='word_1_231' title='bbox 1317 1835 1393 1859; x_wconf 89' lang='lat' dir='ltr'>ser-</span> 
     </span>
     <span class='ocr_line' id='line_1_31' title="bbox 60 1873 1392 1932; baseline 0.002 -24.102"><span class='ocrx_word' id='word_1_232' title='bbox 60 1873 267 1930; x_wconf 89' lang='lat' dir='ltr'>vassent‚</span> <span class='ocrx_word' id='word_1_233' title='bbox 299 1879 340 1909; x_wconf 89' lang='lat' dir='ltr'>ut</span> <span class='ocrx_word' id='word_1_234' title='bbox 378 1886 477 1910; x_wconf 90' lang='lat' dir='ltr'>unus</span> <span class='ocrx_word' id='word_1_235' title='bbox 520 1874 642 1911; x_wconf 81' lang='lat' dir='ltr'>fasces</span> <span class='ocrx_word' id='word_1_236' title='bbox 671 1875 839 1932; x_wconf 83' lang='lat' dir='ltr'>haberet,</span> <span class='ocrx_word' id='word_1_237' title='bbox 883 1882 920 1911; x_wconf 90' lang='lat' dir='ltr'>et</span> <span class='ocrx_word' id='word_1_238' title='bbox 962 1875 1034 1910; x_wconf 91' lang='lat' dir='ltr'>hoc</span> <span class='ocrx_word' id='word_1_239' title='bbox 1064 1874 1213 1922; x_wconf 86' lang='lat' dir='ltr'>insigne</span> <span class='ocrx_word' id='word_1_240' title='bbox 1243 1875 1392 1924; x_wconf 84' lang='lat' dir='ltr'>regium</span> 
     </span>
    </p>

    <p class='ocr_par' dir='ltr' id='par_1_8' title="bbox 59 1915 1392 1976">
     <span class='ocr_line' id='line_1_32' title="bbox 59 1915 1392 1976; baseline 0 -12"><span class='ocrx_word' id='word_1_241' title='bbox 59 1915 143 1964; x_wconf 60' lang='lat' dir='ltr'>gin</span> <span class='ocrx_word' id='word_1_242' title='bbox 171 1925 312 1970; x_wconf 89' lang='lat' dir='ltr'>orbem,</span> <span class='ocrx_word' id='word_1_243' title='bbox 343 1938 450 1962; x_wconf 88' lang='lat' dir='ltr'>suam</span> <span class='ocrx_word' id='word_1_244' title='bbox 479 1927 662 1976; x_wconf 89' lang='lat' dir='ltr'>cujusque</span> <span class='ocrx_word' id='word_1_245' title='bbox 704 1927 838 1970; x_wconf 85' lang='lat' dir='ltr'>vicem,</span> <span class='ocrx_word' id='word_1_246' title='bbox 879 1940 945 1975; x_wconf 90' lang='lat' dir='ltr'>per</span> <span class='ocrx_word' id='word_1_247' title='bbox 982 1939 1115 1963; x_wconf 88' lang='lat' dir='ltr'>omnes</span> <span class='ocrx_word' id='word_1_248' title='bbox 1155 1927 1236 1970; x_wconf 87' lang='lat' dir='ltr'>iret,</span> <span class='ocrx_word' id='word_1_249' title='bbox 1267 1927 1392 1964; x_wconf 76' lang='lat' dir='ltr'>subito</span> 
     </span>
    </p>

    <p class='ocr_par' dir='ltr' id='par_1_9' title="bbox 67 1976 1392 2029">
     <span class='ocr_line' id='line_1_33' title="bbox 67 1976 1392 2029; baseline 0.002 -15"><span class='ocrx_word' id='word_1_250' title='bbox 67 1976 84 2004; x_wconf 67' lang='grc' dir='ltr'><strong><em>ὁ</em></strong></span> <span class='ocrx_word' id='word_1_251' title='bbox 104 1990 235 2014; x_wconf 90' lang='lat' dir='ltr'>omnes</span> <span class='ocrx_word' id='word_1_252' title='bbox 263 1991 350 2015; x_wconf 90' lang='lat' dir='ltr'>cum</span> <span class='ocrx_word' id='word_1_253' title='bbox 380 1979 567 2016; x_wconf 90' lang='lat' dir='ltr'>duodenis</span> <span class='ocrx_word' id='word_1_254' title='bbox 601 1979 767 2016; x_wconf 86' lang='lat' dir='ltr'>fascibus</span> <span class='ocrx_word' id='word_1_255' title='bbox 805 1979 992 2028; x_wconf 91' lang='lat' dir='ltr'>prodiere.</span> <span class='ocrx_word' id='word_1_256' title='bbox 1063 1979 1229 2016; x_wconf 88' lang='lat' dir='ltr'>Centum</span> <span class='ocrx_word' id='word_1_257' title='bbox 1259 1980 1392 2029; x_wconf 83' lang='lat' dir='ltr'>viginti</span> 
     </span>
    </p>

    <p class='ocr_par' dir='ltr' id='par_1_10' title="bbox 59 2028 1393 2132">
     <span class='ocr_line' id='line_1_34' title="bbox 59 2028 1393 2090; baseline 0.002 -24"><span class='ocrx_word' id='word_1_258' title='bbox 59 2028 256 2067; x_wconf 71' lang='grc' dir='ltr'>ι-ιΙίοῖοΥθε</span> <span class='ocrx_word' id='word_1_259' title='bbox 298 2030 419 2068; x_wconf 89' lang='lat' dir='ltr'>forum</span> <span class='ocrx_word' id='word_1_260' title='bbox 457 2031 715 2090; x_wconf 84' lang='lat' dir='ltr'>impleverant,</span> <span class='ocrx_word' id='word_1_261' title='bbox 756 2040 793 2069; x_wconf 85' lang='lat' dir='ltr'>et</span> <span class='ocrx_word' id='word_1_262' title='bbox 835 2032 1000 2068; x_wconf 85' lang='lat' dir='ltr'>fascibus</span> <span class='ocrx_word' id='word_1_263' title='bbox 1039 2045 1192 2069; x_wconf 87' lang='lat' dir='ltr'>secures</span> <span class='ocrx_word' id='word_1_264' title='bbox 1231 2032 1393 2081; x_wconf 81' lang='lat' dir='ltr'>illigatas</span> 
     </span>
     <span class='ocr_line' id='line_1_35' title="bbox 104 2082 1392 2132; baseline 0.002 -13"><span class='ocrx_word' id='word_1_265' title='bbox 104 2082 382 2131; x_wconf 72' lang='lat' dir='ltr'>praeferebant:</span> <span class='ocrx_word' id='word_1_266' title='bbox 438 2097 512 2121; x_wconf 91' lang='lat' dir='ltr'>nec</span> <span class='ocrx_word' id='word_1_267' title='bbox 546 2085 742 2122; x_wconf 87' lang='lat' dir='ltr'>attinuisse</span> <span class='ocrx_word' id='word_1_268' title='bbox 782 2085 883 2121; x_wconf 89' lang='lat' dir='ltr'>demi</span> <span class='ocrx_word' id='word_1_269' title='bbox 922 2085 1099 2128; x_wconf 88' lang='lat' dir='ltr'>securim,</span> <span class='ocrx_word' id='word_1_270' title='bbox 1147 2098 1263 2132; x_wconf 84' lang='lat' dir='ltr'>quum</span> <span class='ocrx_word' id='word_1_271' title='bbox 1311 2085 1392 2122; x_wconf 87' lang='lat' dir='ltr'>sine</span> 
     </span>
    </p>

    <p class='ocr_par' dir='ltr' id='par_1_11' title="bbox 61 2136 1394 2397">
     <span class='ocr_line' id='line_1_36' title="bbox 61 2136 1394 2186; baseline 0.001 -12"><span class='ocrx_word' id='word_1_272' title='bbox 61 2136 369 2183; x_wconf 52' lang='lat' dir='ltr'>&amp;provocatione</span> <span class='ocrx_word' id='word_1_273' title='bbox 406 2137 523 2174; x_wconf 88' lang='lat' dir='ltr'>creati</span> <span class='ocrx_word' id='word_1_274' title='bbox 560 2145 699 2180; x_wconf 89' lang='lat' dir='ltr'>essent,</span> <span class='ocrx_word' id='word_1_275' title='bbox 739 2138 1093 2186; x_wconf 83' lang='lat' dir='ltr'>interpretabantur.</span> <span class='ocrx_word' id='word_1_276' title='bbox 1161 2137 1307 2174; x_wconf 88' lang='lat' dir='ltr'>Decem</span> <span class='ocrx_word' id='word_1_277' title='bbox 1338 2151 1394 2175; x_wconf 88' lang='lat' dir='ltr'>re-</span> 
     </span>
     <span class='ocr_line' id='line_1_37' title="bbox 106 2189 1393 2239; baseline 0.003 -17"><span class='ocrx_word' id='word_1_278' title='bbox 106 2199 197 2236; x_wconf 84' lang='lat' dir='ltr'>gum</span> <span class='ocrx_word' id='word_1_279' title='bbox 217 2189 362 2236; x_wconf 86' lang='lat' dir='ltr'>species</span> <span class='ocrx_word' id='word_1_280' title='bbox 381 2196 474 2233; x_wconf 86' lang='lat' dir='ltr'>erat,</span> <span class='ocrx_word' id='word_1_281' title='bbox 495 2189 838 2239; x_wconf 86' lang='lat' dir='ltr'>multiplicatusque</span> <span class='ocrx_word' id='word_1_282' title='bbox 855 2197 984 2236; x_wconf 83' lang='lat' dir='ltr'>terror,</span> <span class='ocrx_word' id='word_1_283' title='bbox 1004 2202 1079 2226; x_wconf 90' lang='lat' dir='ltr'>non</span> <span class='ocrx_word' id='word_1_284' title='bbox 1097 2189 1237 2226; x_wconf 89' lang='lat' dir='ltr'>infimis</span> <span class='ocrx_word' id='word_1_285' title='bbox 1253 2190 1393 2238; x_wconf 74' lang='lat' dir='ltr'>solum,</span> 
     </span>
     <span class='ocr_line' id='line_1_38' title="bbox 107 2239 1393 2300; baseline 0.003 -25"><span class='ocrx_word' id='word_1_286' title='bbox 107 2239 173 2275; x_wconf 89' lang='lat' dir='ltr'>sed</span> <span class='ocrx_word' id='word_1_287' title='bbox 210 2240 434 2300; x_wconf 81' lang='lat' dir='ltr'>primoribus</span> <span class='ocrx_word' id='word_1_288' title='bbox 463 2242 629 2288; x_wconf 88' lang='lat' dir='ltr'>Patrum‚</span> <span class='ocrx_word' id='word_1_289' title='bbox 651 2243 740 2279; x_wconf 85' lang='lat' dir='ltr'>ratis</span> <span class='ocrx_word' id='word_1_290' title='bbox 759 2243 876 2279; x_wconf 83' lang='lat' dir='ltr'>caedis</span> <span class='ocrx_word' id='word_1_291' title='bbox 904 2255 1059 2279; x_wconf 88' lang='lat' dir='ltr'>causam</span> <span class='ocrx_word' id='word_1_292' title='bbox 1089 2255 1134 2279; x_wconf 89' lang='lat' dir='ltr'>ac</span> <span class='ocrx_word' id='word_1_293' title='bbox 1164 2243 1393 2292; x_wconf 89' lang='lat' dir='ltr'>principium</span> 
     </span>
     <span class='ocr_line' id='line_1_39' title="bbox 106 2291 1394 2342; baseline 0.005 -16"><span class='ocrx_word' id='word_1_294' title='bbox 106 2291 249 2339; x_wconf 85' lang='lat' dir='ltr'>quaeri:</span> <span class='ocrx_word' id='word_1_295' title='bbox 278 2302 331 2338; x_wconf 87' lang='lat' dir='ltr'>ut,</span> <span class='ocrx_word' id='word_1_296' title='bbox 351 2293 380 2330; x_wconf 89' lang='lat' dir='ltr'>si</span> <span class='ocrx_word' id='word_1_297' title='bbox 399 2294 482 2342; x_wconf 92' lang='lat' dir='ltr'>quis</span> <span class='ocrx_word' id='word_1_298' title='bbox 500 2307 705 2332; x_wconf 87' lang='lat' dir='ltr'>memorem</span> <span class='ocrx_word' id='word_1_299' title='bbox 728 2296 910 2332; x_wconf 87' lang='lat' dir='ltr'>libertatis</span> <span class='ocrx_word' id='word_1_300' title='bbox 940 2307 1071 2332; x_wconf 92' lang='lat' dir='ltr'>vocem</span> <span class='ocrx_word' id='word_1_301' title='bbox 1105 2302 1169 2331; x_wconf 88' lang='lat' dir='ltr'>aut</span> <span class='ocrx_word' id='word_1_302' title='bbox 1198 2296 1236 2331; x_wconf 91' lang='lat' dir='ltr'>in</span> <span class='ocrx_word' id='word_1_303' title='bbox 1258 2304 1394 2332; x_wconf 84' lang='lat' dir='ltr'>senatu</span> 
     </span>
     <span class='ocr_line' id='line_1_40' title="bbox 108 2343 1392 2397; baseline 0.004 -18"><span class='ocrx_word' id='word_1_304' title='bbox 108 2350 172 2380; x_wconf 87' lang='lat' dir='ltr'>aut</span> <span class='ocrx_word' id='word_1_305' title='bbox 203 2343 240 2380; x_wconf 91' lang='lat' dir='ltr'>in</span> <span class='ocrx_word' id='word_1_306' title='bbox 261 2345 398 2393; x_wconf 86' lang='lat' dir='ltr'>populo</span> <span class='ocrx_word' id='word_1_307' title='bbox 425 2347 601 2391; x_wconf 91' lang='lat' dir='ltr'>misisset,</span> <span class='ocrx_word' id='word_1_308' title='bbox 633 2348 758 2384; x_wconf 87' lang='lat' dir='ltr'>statim</span> <span class='ocrx_word' id='word_1_309' title='bbox 789 2348 902 2397; x_wconf 83' lang='lat' dir='ltr'>virgae</span> <span class='ocrx_word' id='word_1_310' title='bbox 932 2360 1160 2396; x_wconf 87' lang='lat' dir='ltr'>securesque</span> <span class='ocrx_word' id='word_1_311' title='bbox 1198 2348 1313 2384; x_wconf 85' lang='lat' dir='ltr'>etiam</span> <span class='ocrx_word' id='word_1_312' title='bbox 1345 2349 1392 2384; x_wconf 84' lang='lat' dir='ltr'>ad</span> 
     </span>
    </p>

    <p class='ocr_par' dir='ltr' id='par_1_12' title="bbox 64 2399 1394 2554">
     <span class='ocr_line' id='line_1_41' title="bbox 64 2399 1392 2449; baseline 0.002 -15"><span class='ocrx_word' id='word_1_313' title='bbox 64 2409 95 2434; x_wconf 75' lang='lat'>40</span> <span class='ocrx_word' id='word_1_314' title='bbox 109 2403 330 2433; x_wconf 87' lang='lat' dir='ltr'>caeterorum</span> <span class='ocrx_word' id='word_1_315' title='bbox 361 2405 501 2435; x_wconf 87' lang='lat' dir='ltr'>metum</span> <span class='ocrx_word' id='word_1_316' title='bbox 530 2401 806 2448; x_wconf 87' lang='lat' dir='ltr'>expedirentur.</span> <span class='ocrx_word' id='word_1_317' title='bbox 871 2400 986 2447; x_wconf 82' lang='lat' dir='ltr'>Nam,</span> <span class='ocrx_word' id='word_1_318' title='bbox 1016 2408 1263 2448; x_wconf 81' lang='lat' dir='ltr'>praeterquam</span> <span class='ocrx_word' id='word_1_319' title='bbox 1293 2399 1392 2449; x_wconf 79' lang='lat' dir='ltr'>quod</span> 
     </span>
     <span class='ocr_line' id='line_1_42' title="bbox 109 2448 1393 2511; baseline 0.002 -27"><span class='ocrx_word' id='word_1_320' title='bbox 109 2448 147 2484; x_wconf 93' lang='lat' dir='ltr'>in</span> <span class='ocrx_word' id='word_1_321' title='bbox 167 2449 304 2498; x_wconf 85' lang='lat' dir='ltr'>pcpulo</span> <span class='ocrx_word' id='word_1_322' title='bbox 332 2449 425 2486; x_wconf 87' lang='lat' dir='ltr'>nihil</span> <span class='ocrx_word' id='word_1_323' title='bbox 445 2458 524 2487; x_wconf 90' lang='lat' dir='ltr'>erat</span> <span class='ocrx_word' id='word_1_324' title='bbox 542 2453 718 2499; x_wconf 78' lang='lat' dir='ltr'>praesidii,</span> <span class='ocrx_word' id='word_1_325' title='bbox 740 2453 887 2489; x_wconf 87' lang='lat' dir='ltr'>sublata</span> <span class='ocrx_word' id='word_1_326' title='bbox 907 2453 1186 2511; x_wconf 77' lang='lat' dir='ltr'>provocatione,</span> <span class='ocrx_word' id='word_1_327' title='bbox 1214 2454 1393 2489; x_wconf 86' lang='lat' dir='ltr'>interces-</span> 
     </span>
     <span class='ocr_line' id='line_1_43' title="bbox 109 2502 1394 2554; baseline 0.001 -15"><span class='ocrx_word' id='word_1_328' title='bbox 109 2502 254 2539; x_wconf 86' lang='lat' dir='ltr'>sionem</span> <span class='ocrx_word' id='word_1_329' title='bbox 283 2515 430 2551; x_wconf 91' lang='lat' dir='ltr'>quoque</span> <span class='ocrx_word' id='word_1_330' title='bbox 460 2516 646 2541; x_wconf 85' lang='lat' dir='ltr'>consensu</span> <span class='ocrx_word' id='word_1_331' title='bbox 669 2506 918 2551; x_wconf 80' lang='lat' dir='ltr'>sustulerant,</span> <span class='ocrx_word' id='word_1_332' title='bbox 948 2519 1061 2554; x_wconf 91' lang='lat' dir='ltr'>quum</span> <span class='ocrx_word' id='word_1_333' title='bbox 1082 2506 1224 2554; x_wconf 86' lang='lat' dir='ltr'>priores</span> <span class='ocrx_word' id='word_1_334' title='bbox 1244 2505 1394 2541; x_wconf 85' lang='lat' dir='ltr'>deceni-</span> 
     </span>
    </p>
   </div>
  </div>
 </body>
</html>
