1617 2765
121 170 196 209 168
642 168 734 200 'rm
758 168 869 200 mvn

172 264 220 301 V.
250 262 438 301 Caetertim
458 276 504 301 ex
524 276 597 312 quo
617 263 677 300 die
698 263 775 299 dux
796 270 852 299 est
872 262 1096 309 declaratus,
1117 262 1216 299 velut
1236 261 1345 298 Italia
1363 261 1399 298 ei

119 316 314 366 provincia
344 316 509 362 decreta,
545 315 757 363 bellumque
791 315 1009 351 Romanum
1039 315 1259 351 mandatum
1286 321 1398 356 esset,

120 368 214 406 nihil
233 368 494 417 prolatandum
511 375 624 412 ratus,
645 380 693 404 ne
714 380 752 403 se
783 379 942 415 quoque,
974 374 1014 403 ut
1043 375 1185 415 patrem
1209 365 1402 402 Hamilca-

120 433 212 467 rem,
233 420 370 457 deinde
393 419 683 466 Hasdrubalem,
704 426 948 456 cunctantem
983 432 1094 455 casus
1126 419 1260 466 aliquis
1279 418 1400 466 oppri-

120 480 249 509 meret.
307 472 529 521 Saguntinis
561 471 698 508 inferre
732 471 870 507 bellurn
905 471 1058 508 statuit:
1105 471 1240 519 quibus
1259 482 1400 518 oppug-
1428 484 1445 510 5

119 525 255 561 nandis
274 525 361 573 quia
360 504 481 560 t’haud
501 523 613 560 dubie
634 523 812 560 Romana
832 536 934 559 arma
951 523 1206 568 movebantur,
1228 523 1266 559 in
1287 522 1401 558 Olca-

119 577 208 614 dum
230 577 323 613 fines
342 577 444 625 prius
466 575 581 626 (ultra
605 576 754 612 [berum
774 588 819 612 ea
838 588 932 624 gens
952 576 989 612 in
1010 583 1114 624 parte
1133 575 1266 624 magiS,
1286 586 1400 622 quam

118 629 156 665 in
194 629 350 674 ditione,
390 628 762 676 Carthaginiensium
799 629 896 678 erat)
931 628 1079 664 induxit
1107 627 1332 674 exercitum,
1361 633 1402 662 ut

117 693 192 718 non
222 681 359 729 petisse
391 680 634 729 Saguntinos,
665 680 731 715 sed
759 692 885 715 rerum
914 680 1023 722 serie,
1053 679 1223 716 finitimis
1250 678 1402 715 domitis

117 733 307 782 gentibus,
338 732 622 781 jungendoque,
655 738 798 767 tractus
816 731 863 767 ad
892 731 930 767 id
950 707 1089 768 bellum
1120 731 1237 768 videri
1263 738 1399 779 posset.
1416 744 1446 768 10

117 785 320 833 Cartejam,
358 785 489 820 urbem
519 783 750 832 opulentam,
779 791 892 841 caput
919 783 1044 831 gentis
1072 784 1166 832 ejus,
1196 789 1400 831 expugnat,

118 837 328 885 diripitque.
385 836 476 875 Quo
496 842 598 872 metu
618 835 800 884 perculsae
821 835 984 871 minores
1010 835 1193 878 civitates,
1214 835 1402 883 stipendio

117 888 303 937 imposito,
324 889 522 937 imperium
543 900 737 936 accepere.
794 887 926 923 Victor
955 888 1154 933 exercitus,
1185 887 1403 935 opulentus-

116 954 188 989 que
208 941 351 989 praeda,
386 940 657 989 Carthaginem
687 939 836 976 Novam
868 939 905 976 in
935 939 1094 976 hiberna
1113 947 1170 976 est
1201 939 1400 976 deductus.

116 993 175 1029 Ibi
196 992 299 1041 large
320 993 528 1050 partiendo
537 991 713 1040 praedam,
735 991 923 1040 stipendio
943 992 1130 1050 praeterito
1142 1005 1229 1028 curn
1246 991 1320 1028 fide
1340 1004 1402 1028 ex·
1418 1005 1447 1029 15

116 1045 306 1090 solvendo,
327 1045 478 1081 cunctis
496 1044 636 1081 civium
656 1044 917 1092 sociorumque
948 1044 1084 1080 animis
1113 1044 1152 1080 in
1172 1057 1211 1080 se
1233 1044 1401 1087 firmatis,

116 1110 203 1134 vere
223 1097 344 1146 primo
364 1098 402 1134 in
423 1097 606 1133 Vaccaeos
634 1103 844 1145 promotum
875 1095 1028 1132 bellurn.
1086 1096 1347 1133 Hermandica
1366 1103 1404 1132 et

118 1150 313 1185 Arbocala
332 1149 444 1185 urbes
465 1149 498 1185 vi
518 1156 649 1197 captae.
690 1148 881 1185 Arbocala
900 1155 935 1184 et
950 1149 1084 1185 virtute
1103 1156 1141 1185 et
1160 1148 1402 1185 multitudine

115 1202 389 1250 oppidanorum
410 1201 474 1237 diu
496 1200 662 1237 defensa.
721 1200 783 1236 Ab
804 1200 1067 1237 Hermandica
1087 1200 1247 1249 profugi,
1267 1200 1404 1236 exsuli-

118 1253 187 1290 bus
206 1253 409 1298 Olcadum,
430 1253 552 1302 priore
573 1259 700 1289 aestate
727 1252 877 1289 domitae
907 1252 1042 1301 gentis,
1069 1265 1184 1300 quum
1203 1265 1243 1289 se
1259 1252 1404 1302 junxis-
1417 1265 1449 1289 ρο

116 1313 213 1352 sent,
234 1306 428 1342 concitant
447 1305 702 1353 Carpetanos:
741 1305 934 1352 adortique
969 1304 1227 1341 Hannibalem
1260 1317 1404 1354 regres-

117 1371 200 1394 sum
221 1371 268 1394 ex
287 1357 473 1403 Vaccaeis‚
508 1357 608 1394 haud
637 1357 767 1405 procul
800 1356 912 1405 Tago
948 1356 1103 1394 flumine
1133 1369 1269 1406 agmen
1290 1370 1404 1406 grave

116 1410 244 1459 praeda
277 1409 488 1446 turbavere·
547 1409 739 1446 Hannibal
777 1409 907 1458 proelio
943 1409 1147 1454 abstinuit;
1195 1410 1404 1458 castrisque

117 1475 228 1511 super
243 1462 359 1511 ripam
379 1462 523 1512 positis,
544 1474 658 1510 quum
687 1462 807 1510 prima
825 1461 932 1509 quies
961 1461 1226 1510 silentiumque
1255 1462 1302 1498 ab
1322 1462 1405 1498 hos-

117 1515 217 1550 tibus
245 1515 328 1557 fuit,
358 1526 508 1550 amnem
538 1514 632 1550 vado
660 1513 828 1562 trajecit:
874 1514 1040 1561 valloque
1072 1514 1123 1550 ita
1147 1513 1344 1562 producto,
1364 1520 1450 1549 ut25

117 1566 243 1603 locum
273 1567 320 1602 ad
350 1566 703 1615 transgrediendum
747 1566 873 1602 hostes
902 1565 1097 1612 haberent,
1130 1563 1310 1602 invadere
1339 1578 1404 1602 eos

119 1625 360 1655 transeuntes
380 1618 520 1654 statuit.
578 1617 778 1666 Equitibus
797 1617 992 1666 praecepst,
1012 1626 1065 1660 ut,
1078 1630 1192 1666 quum
1214 1617 1404 1681 ingressos

118 1682 253 1719 aquam
273 1671 457 1713 viderent,
479 1670 726 1706 adorirentur.
783 1669 958 1706 Peditum
979 1682 1116 1718 agmen
1146 1670 1185 1706 in
1218 1669 1309 1718 ripa,
1330 1669 1404 1707 ele-

116 1723 277 1772 phantos
313 1722 398 1758 ante
428 1722 677 1771 quadraginta
710 1721 902 1770 disposuit.
977 1722 1274 1771 Carpetanorum
1314 1735 1402 1759 cum

118 1775 392 1833 appendicibus
411 1774 602 1811 Olcadum
622 1774 949 1822 Vaccaeorumque
965 1782 1118 1811 centum
1138 1774 1256 1811 millia
1275 1774 1334 1811 su(
1329 1787 1402 1819 re
1416 1786 1448 1811 30

118 1826 260 1863 invicta
278 1827 393 1870 acies,
427 1826 458 1863 si
478 1839 584 1874 aequo
613 1826 857 1862 dimicaretur
877 1839 1022 1875 campo.
1079 1826 1211 1875 Itaque
1239 1834 1278 1863 et
1298 1827 1399 1875 inge-

116 1879 181 1915 nio
200 1878 356 1923 feroces,
376 1886 414 1915 et
432 1879 674 1914 multitudine
695 1877 793 1923 freti,
824 1885 862 1914 et
880 1877 981 1926 quod
1010 1885 1112 1914 metu
1143 1878 1302 1915 cessisse
1322 1891 1399 1915 cre-

117 1930 258 1967 debant
295 1931 453 1976 hostem,
491 1930 528 1966 id
558 1929 693 1966 morari
730 1929 924 1966 victoriam
962 1930 1043 1974 rati,
1076 1929 1173 1988 quod
1203 1929 1402 1966 interesset

118 1982 254 2029 amnis,
274 1982 437 2019 clamore
457 1982 616 2024 sublato,
637 1981 775 2030 passim
795 1981 876 2017 sine
907 1981 1047 2018 ullius
1039 1982 1207 2030 imperio,
1228 1995 1302 2030 qua
1322 1982 1402 2018 cui-

117 2047 189 2083 que
210 2034 429 2092 proximum·
441 2041 508 2080 est,
530 2034 568 2070 in
589 2046 740 2070 amnem
761 2040 886 2070 ruunt.
916 2033 965 2070 Et
984 2046 1030 2070 ex
1049 2041 1152 2082 parte
1175 2034 1289 2070 altera
1310 2035 1399 2082 ripae
1414 2046 1446 2070 35

118 2087 172 2123 vis
193 2087 328 2136 ingens
347 2087 515 2145 equitum
535 2086 572 2123 in
593 2085 759 2122 flumen
751 2085 930 2132 immissa,
947 2086 1145 2144 medioque
1159 2086 1263 2123 alveo
1283 2087 1398 2123 haud-

117 2141 301 2188 quaquam
331 2139 410 2188 pari
430 2138 637 2176 certamine
666 2150 917 2182 concursum3
956 2138 1093 2197 quippe
1113 2138 1178 2175 ubi
1209 2138 1353 2187 pedes
1345 2151 1402 2175 in-

119 2191 273 2236 stabilis,
295 2204 340 2228 ac
359 2191 420 2227 vix
439 2191 534 2228 vado
552 2190 686 2237 fidens,
707 2190 762 2226 vel
783 2190 858 2226 ab
850 2191 984 2226 inermi
1003 2190 1140 2239 equite,
1160 2194 1256 2239 e'quo
1284 2198 1401 2229 teme-

119 2243 157 2279 re
179 2249 274 2288 acto,
294 2243 453 2292 perverti
472 2250 620 2292 posset3
649 2255 777 2290 eques,
797 2254 951 2290 corpore
971 2242 1158 2292 armisque
1177 2242 1283 2289 liber,
1304 2256 1401 2292 equo

120 2294 177 2331 vel
199 2308 264 2345 per
280 2295 424 2332 medios
442 2295 609 2344 gurgites
628 2294 766 2337 stabili,
795 2295 968 2331 cominus
986 2295 1209 2344 eminusque
1238 2309 1317 2333 rem
1336 2308 1401 2345 ge·
1413 2295 1446 2320 ‘¹⁰

120 2354 230 2384 reret.
262 2347 353 2383 Pars
367 2359 504 2396 magna
517 2346 672 2383 flumine
690 2346 907 2395 absumpta:
928 2348 1095 2395 quidam,
1118 2348 1303 2386 vorticoso
1324 2361 1400 2385 am-

120 2399 156 2436 ni
191 2398 304 2436 delati
333 2399 371 2436 in
400 2399 539 2443 hostes,
573 2399 620 2435 ab
648 2398 857 2447 elephantis
893 2399 1020 2436 obtriti
1052 2407 1164 2437 sunt:
1210 2400 1400 2449 postremi,

119 2451 255 2500 quibus
274 2463 466 2501 regressus
482 2452 521 2488 in
541 2463 646 2488 suam
668 2451 786 2500 ripam
816 2452 928 2488 tutior
951 2452 1033 2500 suit,
1053 2465 1100 2489 ex
1119 2453 1221 2490 varia
1240 2452 1401 2502 trepida-
