1617 2765
158 185 232 223 180
691 185 781 216 T1T1
804 184 915 216 len

155 277 311 314 veniunt
329 291 336 315 :
366 280 390 301 “
407 279 538 316 alienis
554 279 673 326 malis,
687 280 767 316 utili
783 278 967 327 exemplo,
981 277 1151 324 doct0s‚”
1165 284 1428 325 memorantes,

157 330 398 367 “amicitiam
437 331 560 374 malle,
597 331 708 379 quam
742 332 815 367 vim
844 331 1003 379 experiri
1034 331 1258 366 Poenorum:
1306 330 1429 378 itaque

155 381 410 418 “obedienter
431 383 610 431 imperata
630 383 803 424 facturos,
834 390 1085 419 commeatum
1117 382 1333 429 itinerisque
1363 382 1431 418 du-

156 432 269 475 “ces,
289 441 326 470 et
352 435 396 470 ad
428 434 539 470 fidem
568 435 830 482 promissorum
860 434 1011 470 obsides
1043 434 1268 481 acciperet.''
1329 433 1431 469 Han-

153 485 254 521 nibal
284 498 356 521 nec
376 487 515 522 temere
544 486 744 530 credendo,
772 499 844 522 nec
874 485 1147 533 adspernando,
1169 497 1216 521 ne
1245 485 1430 533 repudiati
1460 492 1477 516 5

155 539 281 584 aperte
305 537 428 573 hostes
448 537 593 583 fierent,
614 537 778 586 benigne
799 550 912 585 quum
932 537 1208 585 respondisset;
1238 537 1443 582 obsidibus,

153 601 246 636 quos
277 589 429 631 dabant,
459 589 637 636 acceptis,
667 597 704 625 et
723 597 949 631 commeatu,
970 601 1080 636 quern
1101 588 1139 624 in
1161 588 1257 624 viam
1279 588 1347 636 ipsi
1368 589 1432 625 de-

152 640 328 686 tulerant,
362 653 472 684 usus;
502 641 738 688 nequaquam
769 648 808 676 ut
839 641 934 677 inter
950 647 1119 688 pacatOS,
1133 641 1338 688 composito
1370 653 1433 690 ag-

152 692 268 738 mine,
289 692 406 727 duces
424 704 552 727 eorum
586 691 763 739 sequitur.
821 692 987 727 Primum
1020 704 1156 739 agmen
1177 692 1366 740 elephanti
1395 700 1433 729 et

152 743 296 791 equites
315 750 443 779 erant:
486 743 563 791 ipse
592 742 676 791 post
695 755 782 778 cum
817 743 947 779 robore
976 744 1158 791 peditum,
1178 743 1432 792 circumspec-
1447 752 1477 776 10

152 803 236 830 tans
269 795 523 842 sollicitusque
553 794 693 840 omnia,
730 794 941 830 incedebat.
998 795 1072 831 Ubi
1102 795 1140 830 in
1177 795 1431 843 angustiorem

152 847 249 882 viam
270 859 318 882 ex
341 854 444 895 parte
465 846 582 882 altera
601 846 809 894 subjectam
834 846 926 895 jugo
945 846 1096 894 insuper
1117 846 1329 882 imminenti
1344 859 1432 883 ven-

151 904 229 934 tum
251 905 318 942 est,
340 898 505 946 undique
524 911 570 934 ex
590 898 736 934 insidiis
760 898 906 934 barbari
933 911 955 934 a
974 898 1107 944 fronte,
1128 898 1175 933 ab
1193 905 1310 946 tergo,
1330 911 1434 935 coor-

152 950 193 993 ti,
224 950 410 997 cominus,
443 950 591 986 eminus
618 957 773 998 petunt:
819 963 909 986 saxa
937 950 1107 998 ingentia
1136 949 1172 986 in
1203 962 1339 998 agmen
1369 951 1433 987 de-

153 1002 325 1039 volvunt:
368 1002 532 1038 maxima
551 1002 597 1037 ab
627 1009 731 1050 tergo
764 1001 817 1037 vis
847 1002 1043 1038 hominum
1077 1001 1244 1049 urgebat.
1302 1001 1347 1037 In
1367 1015 1431 1039 eos
1446 1010 1476 1035 15

153 1066 261 1090 versa
290 1054 459 1102 peditum
488 1053 590 1089 acies
610 1054 708 1089 haud
741 1053 898 1089 dubium
920 1053 1022 1099 fecit,
1051 1053 1156 1101 quin,
1186 1053 1257 1089 nisi
1288 1053 1433 1090 firmata

152 1113 322 1142 extrema
340 1105 502 1154 agminis
522 1105 691 1149 fuissent,
713 1105 848 1153 ingens
872 1106 909 1141 in
928 1118 973 1141 eo
993 1105 1088 1141 saltu
1114 1105 1337 1152 accipienda
1357 1106 1432 1142 cla-

153 1158 220 1193 des
241 1157 362 1193 fuerit.
432 1157 548 1193 Tunc
577 1169 723 1204 quoque
752 1157 797 1192 ad
827 1164 1039 1193 extremum
1068 1157 1225 1204 periculi
1246 1169 1290 1192 ac
1319 1169 1431 1205 prope

151 1209 358 1257 perniciem
379 1217 531 1246 ventum
552 1216 633 1244 est:
676 1220 777 1251 nam,
808 1209 896 1244 dum
917 1215 1117 1244 cunctatur
1147 1208 1338 1244 Hannibal
1368 1210 1432 1245 de-

152 1261 300 1297 mittere
338 1273 475 1309 agmen
512 1260 551 1296 in
589 1260 806 1308 angustias;
853 1260 1048 1308 quianon,
1079 1266 1119 1296 ut
1137 1259 1215 1308 ipse
1243 1260 1476 1307 equitibusm

150 1313 326 1361 praesidio
344 1320 436 1359 erat,
458 1313 508 1349 ita
535 1312 724 1359 peditibus
752 1312 954 1360 quidquam
984 1312 1031 1347 ab
1059 1319 1164 1360 tergo
1193 1311 1321 1348 auxilii
1350 1313 1433 1349 reli-

150 1372 306 1413 querat3
348 1371 592 1401 occursantes
623 1376 689 1412 per
720 1364 871 1411 obliqua
903 1363 1085 1410 montani,
1113 1373 1289 1412 perrupto
1309 1365 1433 1401 medio

151 1417 316 1466 agmine,
336 1417 435 1453 viam
456 1416 628 1453 insedere
647 1428 654 1452 :
684 1428 834 1463 noxque
853 1429 930 1452 una
963 1415 1170 1452 Hannibali
1201 1416 1282 1452 sine
1301 1416 1433 1464 equiti-

152 1469 221 1505 bus
240 1476 349 1517 atque
370 1468 650 1518 impedimentis
670 1475 754 1504 acta
773 1475 841 1504 est.

202 1573 373 1610 XXXV.
404 1573 557 1610 Postero
577 1572 651 1615 die,
668 1572 745 1622 jam
765 1572 925 1621 segnius
944 1572 1280 1609 intercursantibus
1301 1571 1476 1609 barba-25

149 1639 210 1671 ris,
237 1625 380 1674 junctae
409 1625 541 1674 copiae,
571 1625 759 1673 saltusque
789 1625 888 1661 haud
917 1624 999 1660 sine
1041 1624 1149 1660 clade
1193 1623 1350 1672 (majore
1379 1631 1432 1661 ta-

149 1690 236 1714 men
272 1678 542 1726 jumento‚rum
581 1689 695 1734 quam
733 1676 942 1719 hominum,
983 1675 1168 1724 pernicie)
1206 1682 1430 1724 superatus:

148 1730 237 1766 inde
258 1729 425 1766 montani
446 1729 643 1777 pauciores
672 1728 762 1786 jam,
782 1735 820 1764 et
850 1728 1037 1764 latrocinii
1070 1727 1190 1785 magis
1209 1740 1322 1785 quam
1343 1727 1431 1765 belli

149 1794 266 1828 more,
288 1781 590 1824 concursabant,
620 1779 759 1817 modo'
751 1792 789 1816 m
809 1780 982 1829 primum,
1003 1780 1142 1816 modo
1135 1792 1172 1815 m
1186 1779 1429 1816 novissimum

148 1846 298 1883 agmen,
329 1841 534 1881 utcumque
564 1840 628 1869 aut
647 1833 753 1869 locus
780 1832 1097 1881 opportunitatem
1119 1831 1236 1874 daret,
1257 1839 1321 1867 aut
1348 1839 1475 1878 pro-30

147 1886 264 1934 gressi
300 1885 479 1922 morative
509 1885 671 1933 aliquam
704 1885 945 1920 occasionem
968 1883 1156 1919 fecissent.
1213 1882 1428 1930 Elephanti,

147 1938 245 1974 sicut
264 1937 476 1985 praecipites
494 1949 560 1984 per
580 1943 702 1972 arctas
735 1936 812 1971 vias
845 1948 980 1983 magna
1013 1946 1118 1970 mora
1137 1934 1356 1992 agebantur,
1378 1934 1430 1971 ita

147 1996 270 2026 tutum
307 1989 354 2025 ab
384 1988 566 2034 hostibus,
604 1999 842 2035 quacumque
873 1986 1105 2031 incederent,
1137 1984 1242 2034 (quia
1271 1986 1429 2023 insuetis

147 2041 310 2078 adeundi
332 2040 487 2090 propius
515 2047 638 2076 metus
666 2037 764 2089 erat)
795 2050 929 2086 agmen
950 2015 1177 2085 praebeb’ant.
1234 2037 1348 2074 Nono
1367 2038 1428 2074 die

147 2093 185 2130 in
211 2106 345 2142 Jugum
376 2092 531 2140 Alpium
560 2097 779 2140 perventum
800 2097 869 2132 est,
890 2102 955 2138 per
984 2089 1084 2125 invia
1102 2089 1291 2147 pleraque,
1317 2097 1355 2126 et
1373 2098 1474 2127 er-35

147 2158 261 2189 rores,
276 2157 375 2206 quos
395 2152 458 2181 aut
478 2143 700 2180 ducentium
721 2141 834 2184 fraus,
856 2148 930 2186 aut,
963 2141 1026 2177 ubi
1047 2140 1164 2177 fides
1156 2142 1200 2177 1is
1219 2153 1294 2179 non
1315 2149 1427 2185 esset,

147 2197 287 2233 temere
308 2197 410 2232 initae
430 2196 544 2232 valles
573 2207 595 2231 a
623 2193 924 2242 conjectantibus
953 2193 1032 2237 iter,
1057 2192 1258 2229 faciebant.
1314 2193 1429 2230 Bidu-

145 2261 212 2284 um
242 2248 279 2284 in
305 2248 397 2296 jugo
425 2247 558 2284 stativa
586 2246 737 2282 habita.
785 2245 963 2292 fessisque
995 2244 1121 2281 labore
1150 2257 1195 2281 ac
1222 2245 1428 2303 pugnando

147 2300 254 2349 quies
275 2300 361 2336 data
390 2299 594 2335 militibus.
634 2298 878 2346 jumentaque
908 2296 1058 2354 aliquot,
1079 2308 1160 2344 quae
1189 2296 1359 2345 prolapsa
1386 2296 1426 2333 in

147 2351 303 2400 rupibus
340 2358 460 2396 erant,
492 2350 684 2398 sequendo
712 2349 872 2397 vestigia
901 2348 1062 2396 agminis
1081 2348 1119 2384 in
1149 2355 1272 2385 castra
1298 2358 1471 2396 perve-4o

147 2416 251 2441 nere.
307 2402 434 2439 Fessis
452 2402 564 2438 taedio
583 2409 635 2437 tot
657 2401 838 2437 malorum
859 2401 954 2436 nivis
973 2401 1085 2436 etiam
1105 2413 1229 2443 casus,
1249 2400 1427 2437 occiden-

147 2463 183 2493 te
209 2456 286 2505 jam
315 2455 436 2491 sidere
458 2453 723 2503 Vergiliarum,
747 2453 936 2502 ingentem
958 2461 1135 2489 terrorem
1157 2452 1306 2501 adJecit.
1354 2451 1425 2488 Per
