1617 2765
533 178 670 209 LIBER
693 177 835 208 XXVII.
874 185 955 208 CAP.
972 187 1103 208 xxxvn.
1390 179 1468 216 217

185 275 248 325 qui
269 274 422 312 biennio
442 275 529 310 ante
550 280 719 309 mortuus
738 279 828 309 erat.
873 271 959 308 Hoc
979 271 1112 308 eodem
1135 284 1235 308 anno
1254 279 1290 308 et
1309 272 1465 310 lustrum

186 329 380 365 conditum
423 334 479 362 est
517 338 539 362 a
577 325 799 362 censoribus
838 324 879 361 P.
921 323 1145 372 Sempronio
1193 324 1228 359 T
1235 324 1388 361 uditano
1430 335 1467 362 et

186 380 240 418 Μ.
261 379 436 416 Cornelio
456 378 637 427 Cethego.
696 377 822 414 Censa
841 376 980 413 civium
1002 376 1126 424 capita
1158 382 1311 412 centum
1339 377 1468 425 trigin-

184 439 222 469 ta
240 438 383 493 septem
404 431 532 473 millia,
553 437 707 466 centum
728 438 764 466 et
783 436 890 466 octo:
921 429 1043 465 minor
1063 427 1253 476 aliquant&
1274 441 1466 475 numerus,

155 483 293 532 ὅᾳυᾶιη
321 483 384 531 qui
417 490 505 519 ante
539 482 678 518 bellum
700 482 830 518 fuerat.
888 481 945 517 Eo
965 493 1064 517 anno
1100 479 1289 530 [primum‚
1321 493 1368 516 ex
1396 494 1469 529 quo

185 535 408 574 Hannibal
400 548 437 571 in
460 535 607 572 Italian]
629 534 809 584 venisset]
832 533 1027 570 comitium
1048 540 1190 569 tectum
1212 545 1309 579 esse,
1331 545 1470 570 memo-

183 586 248 625 riae
277 587 463 636 proditum
497 594 565 630 est,
595 593 633 623 et
652 586 759 622 ludos
792 587 989 623 Romanos
1021 585 1136 621 semel
1168 586 1393 622 instauratos
1422 586 1469 622 ab

138 640 355 701 {aedffibus
374 639 567 676 curulibus
585 638 637 678 Q.
661 638 816 675 Metello
836 646 872 675 et
893 639 937 675 C.
960 638 1143 682 Servili03
1184 645 1221 674 et
1240 637 1397 686 plebejis
1417 638 1470 674 lu-

137 702 162 737 0}
183 693 240 729 dis
262 692 415 728 biduum
438 692 685 728 instauratum
716 692 762 727 ab
790 690 843 730 Q.
862 690 1033 727 Mamilio
1067 698 1103 727 et
1134 690 1187 726 M.
1209 690 1366 727 Caecilio
1387 690 1470 727 Me-

144 743 270 796 {tello
290 744 461 780 aedilibus
480 744 611 792 plebis.
669 743 718 780 Et
737 744 807 779 tria
827 744 935 792 signa
955 743 1001 779 ad
1030 742 1179 779 Cereris
1214 743 1327 778 iidem
1357 743 1470 779 dede-

155 805 294 838 runt:
324 803 362 832 et
381 796 484 832 Jovis
503 796 656 844 epulum
677 795 746 832 fuit
764 796 937 832 ludorum
958 807 1085 831 causa.
1143 795 1424 831 Consulatum
1415 808 1470 831 in·

138 843 162 890 Ξ
183 850 229 886 de
251 850 383 885 ineunt
403 849 446 885 C
469 849 652 885 Claudius
682 848 787 885 Nero
818 855 856 884 et
876 847 930 883 Μ.
953 847 1082 883 Livius
1109 848 1256 891 iterum,
1277 848 1353 905 qui,
1382 848 1470 896 quia

146 913 162 928 0
156 902 257 951 jam
278 901 463 949 designati
484 901 695 949 provincias
715 900 832 936 sortiti
853 907 972 946 erant,
1007 907 1182 948 praetores
1212 900 1333 936 sortiri
1351 900 1470 949 jusse-

137 950 280 990 arunt.
351 953 395 989 C.
420 953 580 989 Hostilio
610 953 753 988 urbana
781 952 932 988 evenit:
963 952 1090 988 addita
1118 960 1156 988 et
1184 952 1398 1000 peregrina,
1429 959 1470 990 ut

139 1017 169 1042 15
182 1012 256 1042 tres
287 1005 323 1041 in
362 1004 575 1053 provincias
616 1004 718 1040 exire
760 1011 936 1052 possent:
984 1004 1032 1039 A.
1075 1004 1235 1040 Hostilio
1279 1005 1468 1048 Sardinia,

182 1058 227 1094 C.
249 1057 416 1094 Mamilio
437 1056 579 1101 Sicilia,
598 1056 642 1092 L.
664 1055 798 1092 Porcio
817 1056 940 1092 Gallia
967 1055 1103 1092 evenit.
1163 1056 1323 1092 Summa
1351 1056 1467 1105 legio-

181 1122 272 1147 num
292 1110 404 1147 trium
424 1116 462 1145 et
481 1108 612 1157 viginti
634 1108 685 1145 ita
704 1121 768 1156 per
798 1107 1010 1156 provincias
1039 1107 1171 1155 divisa,
1192 1115 1232 1145 ut
1252 1108 1350 1144 binae
1379 1122 1468 1146 con-

166 1162 303 1198 sulum
325 1168 475 1205 essent3
513 1168 669 1209 quatuor
690 1160 876 1209 Hispania
897 1161 1077 1204 haberet3
1115 1168 1190 1196 tres
1219 1167 1395 1208 praetores
1416 1162 1469 1198 bi-

182 1227 263 1260 nas,
284 1214 321 1250 in
343 1213 487 1259 Sicilia,
509 1213 547 1249 in
569 1213 760 1259 Sardinia,
780 1219 817 1248 et
837 1212 958 1248 Gallia
976 1225 984 1256 ;
1019 1213 1112 1248 duas
1133 1212 1178 1248 C.
1199 1212 1407 1250 Terentius
1427 1214 1466 1250 in

137 1278 168 1303 20
183 1266 360 1310 Etruria3
407 1266 500 1302 duas
532 1265 585 1304 Q.
615 1265 772 1301 Fulvius
800 1264 837 1301 in
868 1264 1050 1307 Bruttiis3
1094 1265 1188 1301 duas
1208 1264 1261 1304 Q.
1283 1265 1468 1303 Claudius

182 1319 285 1355 circa
304 1318 516 1355 Tarentum
537 1324 574 1354 et
594 1317 823 1354 Sallentinos
840 1330 849 1361 3
880 1329 993 1353 unam
1017 1317 1060 1352 C.
1082 1317 1268 1353 Hostilius
1288 1317 1466 1355 Tubulus

182 1371 346 1420 Capuae3
376 1371 459 1407 duae
480 1370 633 1406 urbanae
654 1377 694 1406 ut
713 1370 980 1406 scriberentur.
1037 1369 1173 1406 Primis
1199 1376 1357 1418 quatuor
1376 1371 1469 1420 legi-

181 1424 317 1460 onibus
335 1423 494 1472 populus
514 1422 684 1459 tribunos
713 1422 853 1459 creavit
871 1435 879 1459 :
922 1422 960 1459 in
981 1429 1138 1459 caeteras
1163 1422 1339 1459 consules
1358 1424 1468 1461 mise·

181 1482 279 1512 runt

135 1594 168 1620 25
233 1581 448 1618 XXXVII.
493 1580 715 1630 Priusquam
736 1580 911 1617 consules
940 1580 1284 1629 proficiscerentur,
1314 1593 1467 1618 novem-

181 1633 278 1669 diale
307 1646 455 1670 sacrum
492 1633 574 1680 fuit,
604 1633 692 1681 quia
719 1633 826 1682 Vejis
854 1634 900 1669 de
943 1633 1039 1670 coelo
1070 1633 1311 1682 lapidaverat.
1386 1633 1467 1670 Sub

182 1685 294 1722 unius
320 1685 479 1734 prodigii
511 1685 570 1736 (ut
606 1685 664 1734 fit)
695 1685 938 1730 mentionem,
977 1685 1050 1722 alia
1087 1698 1233 1733 quoque
1264 1685 1465 1730 nuntiata3

180 1737 387 1774 Minturnis
407 1738 527 1774 aedem
561 1737 664 1773 Jovis
693 1744 731 1773 et
759 1737 887 1773 lucum
919 1737 1087 1783 Maricae,
1117 1738 1207 1773 item
1231 1737 1364 1774 Atellae
1384 1750 1466 1774 mu-

180 1803 263 1826 rum
292 1798 330 1826 et
365 1797 522 1839 portam,
552 1789 598 1825 de
628 1789 724 1825 coelo
751 1796 863 1825 tacta.
937 1789 1235 1833 Minturnenses,
1264 1789 1467 1826 terribilius

136 1855 168 1880 30
180 1842 278 1891 quod
297 1849 407 1887 esset,
425 1842 667 1891 adjiciebant,
688 1842 884 1890 sanguinis
903 1842 1023 1878 rivum
1044 1842 1082 1878 in
1096 1842 1201 1890 porta*⁴
1221 1841 1375 1878 fluxisse
1391 1855 1399 1877 :
1429 1852 1467 1879 et

181 1895 321 1943 Capuae
349 1894 470 1942 lupus,
504 1901 615 1930 nocte
644 1900 786 1941 portam
822 1894 1027 1942 ingressus,
1062 1893 1212 1942 vigilem
1244 1894 1465 1931 laniaverat.

180 1946 277 1984 Haec
309 1953 508 1995 procurata
544 1946 674 1982 hostiis
711 1945 915 1994 majoribus
956 1946 1140 1995 prodigia,
1177 1953 1214 1983 et
1243 1946 1467 1995 supplicatio

180 1999 281 2036 diem
302 2012 418 2035 unum
440 1998 509 2035 fuit
527 2011 575 2035 ex
593 1998 747 2034 decreto
766 1998 985 2046 pontificum
1002 2011 1009 2034 :
1051 1999 1139 2035 inde
1159 1998 1295 2036 iterum
1316 2012 1468 2036 novem-

180 2051 278 2088 diale
299 2051 560 2097 instauratum,
579 2049 677 2099 quod
698 2050 735 2086 in
757 2050 983 2087 Armilustro
1016 2051 1203 2099 lapidibus
1236 2051 1355 2087 visum
1387 2052 1467 2100 plu-

136 2116 256 2142 35ere.
313 2103 507 2140 Liberatas
527 2103 708 2150 religione
730 2110 876 2139 mentes
905 2103 1069 2139 turbavit
1089 2116 1217 2139 rursus
1238 2104 1463 2150 nuntiatum,

182 2155 396 2192 Frusinone
416 2155 599 2192 infantem
622 2162 750 2191 natum
771 2168 853 2191 esse
873 2155 1069 2204 quadrimo
1089 2168 1240 2204 parem3
1271 2169 1343 2192 nec
1363 2169 1466 2206 mag·

182 2207 354 2244 nitudine
373 2215 449 2244 tam
470 2207 694 2253 mirandum,
728 2206 840 2255 quam
862 2206 959 2256 qudd
981 2208 1011 2244 is
1030 2221 1190 2256 quoque,
1212 2215 1252 2245 ut
1272 2209 1463 2245 Sinuessae

183 2260 337 2297 biennio
357 2260 455 2305 ante,
476 2260 653 2305 incertus,
674 2272 754 2296 mas
774 2273 821 2296 an
843 2260 997 2296 foemina
1015 2269 1125 2306 esset,
1147 2267 1257 2297 natus
1270 2269 1360 2297 erat.
1420 2262 1463 2297 Id

182 2312 270 2348 vero
291 2312 495 2361 aruspices,
515 2324 563 2348 ex
586 2312 735 2348 Etruria
754 2312 879 2356 acciti,
903 2313 1042 2349 soedum
1063 2325 1107 2349 ac
1123 2320 1230 2362 turpe
1250 2314 1464 2363 prodigium

138 2376 171 2402 40
183 2365 332 2401 dicere:
361 2374 546 2401 extorrem
571 2376 659 2413 agro
678 2364 866 2409 Romano,
900 2366 1028 2414 procul
1050 2373 1157 2402 terrae
1178 2373 1369 2408 contactu,
1391 2366 1465 2401 alto

183 2417 443 2466 mergendum.
500 2417 637 2453 Vivum
659 2417 698 2453 in
726 2430 851 2454 arcam
873 2418 1091 2465 condidere,
1111 2425 1404 2466 provectumque
1427 2417 1463 2452 in

183 2481 285 2506 mare
305 2470 553 2520 projecerunt.
597 2468 809 2507 Decrevere
829 2470 918 2506 item
938 2470 1149 2519 pontifice&
1170 2477 1210 2507 ut
1230 2469 1393 2518 virgines
1409 2476 1464 2506 ter
