1617 2765
166 206 218 242 60
699 189 790 232 T'1T1
813 200 926 231 Livn

167 304 252 334 sent
269 310 276 334 :
305 297 489 347 collegam
510 297 581 334 sibi
602 295 766 333 comitiis
785 294 1006 332 centuriatis
1026 293 1166 332 creavit
1187 294 1227 331 P.
1242 294 1448 341 Valerium,

167 362 240 398 quo
260 350 429 399 adjutore
449 362 558 399 reges
577 349 754 398 ejecerat.

220 453 295 490 III.
325 454 459 494 Quum
479 454 580 490 haud
600 453 778 502 cuiquam
798 453 836 489 in
857 453 972 490 dubio
991 460 1103 500 esset,
1126 451 1267 489 bellum
1288 451 1335 488 ab
1355 451 1452 489 Tar-

167 506 307 555 quiniis
327 507 538 549 imminere,
561 507 597 542 id
617 506 770 554 quidem
790 518 855 554 spe
874 506 1044 542 omnium
1065 505 1187 542 serius
1209 505 1299 541 suit:
1341 511 1453 540 caete-

167 559 268 605 rum,
290 559 326 595 id
347 559 445 607 quod
465 571 541 595 non
562 558 758 604 timebant,
778 571 843 606 per
863 558 990 594 dolum
1007 571 1052 594 ac
1072 557 1321 606 proditionem
1337 558 1451 605 prope
1481 561 1497 586 ⁵

167 610 318 647 libertas
338 611 475 647 amissa
493 618 561 647 est.
617 610 737 647 Erant
756 611 793 647 in
815 610 991 646 Romana
1016 611 1214 659 juventute
1235 609 1454 646 adolescen-

167 669 224 699 tes
244 663 394 711 aliquot,
415 676 488 699 nec
509 663 533 699 ii
557 664 662 699 tenui
696 663 779 699 loco
811 662 894 707 orti,
925 675 1083 710 quorum
1117 662 1155 698 in
1189 674 1307 710 regno
1336 661 1454 697 libido

166 715 320 752 solutior
341 715 475 760 suerat,
492 715 653 763 aequales
672 715 892 762 sodalesque
926 715 1224 750 adolescentium
1249 713 1453 761 Tarquini-

165 779 287 810 orum,
323 768 462 803 assueti
495 780 598 803 more
632 767 736 815 regio
755 766 890 802 vivere.
948 766 1044 802 Eam
1078 773 1172 809 tum,
1207 773 1352 814 aequato
1368 766 1452 815 jure

121 824 126 829 '
166 820 352 865 omnium,
372 819 567 855 licentiam
600 825 822 866 quaerentes,
853 818 1064 854 libertatem
1099 818 1255 854 aliorum
1287 818 1324 854 in
1346 830 1453 853 suam
1469 822 1498 846 10

166 871 321 907 vertisse
359 871 577 907 servitutem
616 871 714 907 inter
751 883 791 907 se
837 870 1177 918 conquerebantur.
1261 871 1285 892 “
1302 870 1453 918 Regem

166 924 190 945 “
208 923 400 960 hominem
420 936 517 969 esse,
550 936 572 959 a
603 936 677 971 quo
707 923 896 971 impetres,
930 923 992 959 ubi
1019 922 1091 972 jus,
1121 922 1184 958 ubi
1205 922 1342 971 injuria
1360 935 1455 970 opus

168 977 191 998 “
208 976 278 1012 sit2
307 988 390 1012 esse
409 976 539 1024 gratiae
559 975 697 1018 locum,
719 987 802 1011 esse
823 975 1037 1019 benefici03
1076 982 1114 1011 et
1141 975 1251 1011 irasci
1272 982 1309 1011 et
1328 975 1454 1023 ignos-

167 1028 294 1064 “cere
314 1040 449 1076 posse:
489 1028 588 1064 inter
608 1027 772 1063 amicum
793 1034 903 1075 atque
925 1027 1121 1063 inimicum
1142 1027 1347 1063 discrimen
1368 1028 1454 1063 nos-

167 1081 192 1103 “
209 1092 260 1116 se.
318 1080 442 1129 Leges
462 1092 541 1116 rem
575 1080 740 1122 surdam,
775 1079 1046 1116 inexorabilem
1077 1092 1173 1126 esse,
1207 1079 1453 1116 salubriorem
1470 1083 1499 1108 15

167 1134 191 1155 “
208 1133 476 1180 melioremque
510 1132 625 1180 inopi,
659 1131 770 1180 quam
804 1132 947 1180 potenti
965 1145 973 1167 ε
1016 1132 1109 1168 nihil
1142 1132 1347 1168 laxamenti
1382 1144 1454 1168 nec

166 1186 189 1207 “
207 1184 327 1221 veniae
349 1185 502 1227 habere,
523 1184 553 1220 si
574 1184 729 1220 modum
749 1184 980 1220 excesseris:
1024 1184 1276 1232 periculosum
1297 1196 1393 1226 esse,
1417 1184 1454 1220 in

167 1239 262 1274 “tot
282 1236 458 1273 humanis
477 1236 677 1282 erroribus,
708 1236 788 1272 sola
818 1236 1038 1272 innocentia
1067 1236 1232 1272 vivere-’⁷
1288 1236 1347 1273 Ita
1377 1236 1454 1285 jam

167 1291 237 1327 sua
257 1296 390 1337 sponte
411 1289 520 1337 aegris
540 1289 689 1335 animis,
710 1289 825 1337 legati
838 1289 885 1324 ab
902 1289 1054 1337 regibus
1070 1288 1351 1337 superveniunt,
1372 1289 1455 1325 sine

167 1342 373 1379 mentione*
390 1341 542 1384 reditus,
575 1341 673 1376 bona
709 1340 857 1377 tantum
886 1348 1112 1389 repetentes·
1168 1340 1310 1377 Eorum
1345 1341 1456 1377 verba
1468 1343 1500 1368 20

166 1395 363 1443 postquam
385 1394 423 1429 in
444 1400 576 1430 senatu
599 1393 728 1429 audita
747 1400 847 1436 sunt,
882 1406 947 1441 per
980 1393 1120 1441 aliquot
1140 1393 1222 1429 dies
1241 1405 1287 1429 ea
1305 1390 1456 1429 consul-

166 1447 259 1483 tatio
278 1446 425 1490 tenuit3
456 1458 503 1481 ne
524 1458 599 1482 non
620 1445 779 1491 reddita,
802 1445 888 1481 belli
905 1458 1047 1490 causa3
1075 1445 1222 1481 reddita
1234 1445 1323 1481 belli
1339 1453 1456 1481 mate-

166 1499 221 1535 ria
234 1506 271 1535 et
284 1499 543 1547 adjumentum
558 1504 696 1533 essent.
727 1497 884 1533 Interim
901 1497 1013 1546 legati
1027 1498 1090 1533 alii
1104 1498 1176 1533 alia
1189 1497 1330 1541 moliri3
1352 1510 1456 1545 aper-

166 1552 202 1587 te
223 1551 321 1587 bona
339 1556 564 1598 repetentes,
586 1549 683 1586 clam
703 1550 953 1597 recuperandi
980 1549 1087 1598 regni
1107 1549 1265 1585 consilia
1284 1556 1427 1585 struere
1446 1562 1453 1586 ε

166 1610 216 1645 et,
238 1610 429 1650 tamquam
450 1602 496 1637 ad
518 1602 568 1644 id,
591 1602 689 1649 quod
711 1601 770 1649 agi
801 1601 1008 1645 videbatur,
1038 1601 1249 1637 ambientes
1269 1601 1453 1638 nobilium
1467 1603 1500 1628 25

166 1654 466 1691 adolescentium
487 1654 633 1690 animos
662 1660 903 1701 pertentant:
950 1666 972 1689 a
999 1654 1136 1701 quibus
1169 1653 1316 1701 placide
1336 1654 1455 1691 oratio

166 1714 326 1755 accepta
345 1714 414 1749 est,
437 1706 494 1742 his
514 1705 641 1742 literas
667 1706 715 1741 ab
748 1705 970 1753 Tarquiniis
1003 1706 1188 1750 reddunt;
1231 1713 1269 1742 et
1288 1705 1335 1742 de
1356 1706 1456 1743 acci-

165 1759 314 1808 piendis
335 1759 433 1795 clam
453 1765 565 1794 nocte
586 1757 625 1794 in
646 1758 778 1794 urbem
798 1758 950 1807 regibus
967 1757 1242 1806 colloquuntur.

220 1863 290 1899 IV.
338 1862 503 1899 Vitelliis
523 1862 775 1910 Aquilliisque
809 1862 984 1898 fratribus
1016 1861 1137 1911 prim&
1170 1862 1372 1899 commissa
1394 1876 1454 1900 res

167 1922 236 1951 est.
293 1915 532 1951 Vitelliorum
567 1927 669 1950 soror
700 1915 845 1950 consuli
866 1922 984 1962 nupta
1016 1915 1134 1951 Bruto
1153 1922 1257 1959 erat;
1300 1915 1452 1963 jamque
1466 1921 1498 1945 ³0

167 1980 215 2004 ex
235 1980 281 2004 eo
301 1966 540 2009 matrimonio
560 1966 822 2002 adolescentes
854 1973 962 2002 erant
980 1966 1099 2011 liberi,
1122 1966 1236 2003 Titus
1256 1966 1454 2004 Tiberius-

167 2032 250 2067 que.
308 2019 384 2056 Eos
404 2031 550 2067 quoque
571 2018 609 2054 in
629 2018 849 2055 societatem
871 2018 1018 2055 consilii
1039 2019 1215 2055 avunculi
1233 2027 1451 2057 assumunt:

166 2079 350 2120 praeterea
382 2079 420 2108 et
449 2071 594 2107 nobiles
621 2070 761 2119 aliquot
790 2070 1050 2107 adolescentes
1079 2072 1223 2108 conscii
1257 2072 1452 2121 assumpti,

167 2136 326 2171 quorum
346 2130 530 2160 vetustate
552 2123 733 2160 memoria
752 2123 855 2159 abiit.
912 2123 1070 2160 Interim
1103 2136 1218 2172 quum
1249 2124 1287 2160 in
1319 2132 1452 2161 senatu

168 2176 319 2212 vicisset
348 2175 548 2222 sententia,
581 2188 664 2224 quae
697 2176 878 2212 censebat
910 2176 1104 2212 reddenda
1129 2176 1251 2220 bona;
1294 2183 1497 2225 eamque35

167 2227 287 2275 ipsam
308 2241 462 2264 causam
483 2240 595 2264 morae
616 2228 653 2264 in
674 2228 767 2264 urbe
801 2228 984 2264 haberent
1015 2228 1140 2277 legati,
1170 2229 1269 2276 quod
1290 2230 1452 2277 spatium

167 2280 214 2315 ad
235 2280 410 2316 vehicula
431 2280 685 2328 comparanda
717 2293 739 2316 a
771 2280 989 2316 consulibus
1022 2281 1282 2329 sumpsissent,
1312 2282 1450 2329 quibus

167 2344 299 2380 regum
332 2339 565 2380 asportarent
597 2344 680 2377 res;
728 2344 839 2368 omne
875 2332 911 2368 id
945 2339 1092 2381 tempus
1121 2346 1208 2369 cum
1246 2333 1451 2382 conjuratis

167 2384 420 2420 consultando
439 2384 655 2430 absumunt,
676 2384 929 2432 evincuntque
961 2385 1148 2431 instando,
1182 2393 1223 2422 ut
1241 2386 1359 2422 literae
1379 2386 1449 2422 sibi

167 2436 214 2472 ad
235 2436 465 2484 Tarquinios
484 2436 662 2472 darentur
679 2449 687 2471 ε
731 2449 817 2472 nam
839 2437 945 2473 aliter
965 2437 1027 2485 qni
1048 2438 1257 2475 credituros
1275 2450 1352 2481 eos,
1373 2450 1449 2474 non
1463 2447 1495 2471 40

169 2500 263 2526 vana
283 2489 329 2525 ab
349 2488 481 2538 legatis
501 2501 610 2538 super
642 2489 754 2525 rebus
786 2489 899 2526 tantis
919 2490 1041 2527 afferri
1060 2491 1073 2526 Ψ.
1130 2490 1238 2527 Datae
1258 2490 1388 2534 literae,
1410 2497 1450 2528 ut
