1617 2765
647 159 786 189 LIBER
809 159 835 189 I.
875 167 956 189 CAP.
973 168 1042 189 mx.
1433 160 1485 197 55

200 253 332 291 ordine
351 265 482 290 omnes
514 252 650 289 fidem:
695 253 936 290 consolantur
971 265 1108 302 aegram
1129 252 1258 295 animi,
1280 253 1484 290 avertendo

201 318 337 343 noxam
358 306 405 342 ab
424 305 558 342 coacta
579 305 616 342 in
637 312 829 341 auctorem
847 305 998 341 delicti:
1029 312 1195 341 mentem
1212 317 1385 352 peccare,
1407 319 1483 342 non

201 370 358 406 corpus:
387 364 438 400 et,
459 357 560 394 unde
580 357 781 394 consilium
802 357 976 404 abfuerit,
990 357 1139 405 culpam
1154 357 1296 393 abesse.
1328 359 1350 378 ‘⁶
1367 358 1482 403 Vos‚'’

200 409 333 457 inquit,
354 411 377 431 ‘⁴
392 409 570 456 videritis,
590 410 678 457 quid
696 410 747 445 illi
774 410 981 446 debeatur:
1024 421 1107 457 ego,
1143 421 1216 455 me,
1237 409 1306 444 etsi
1328 417 1485 456 peccato

171 462 224 501 5“
240 461 404 508 absolvo,
420 462 605 510 supplicio
624 474 699 498 non
720 461 837 498 libero
855 475 862 498 :
905 474 978 498 nec
1012 461 1086 497 ulla
1119 461 1258 497 deinde
1292 461 1486 509 impudica

199 514 223 535 “
240 513 428 550 Lucretiae
449 514 621 562 exemplo
641 514 776 550 vivet.'’
834 513 1021 558 cultrum,
1055 526 1167 560 quem
1201 513 1271 549 sub
1298 522 1400 549 veste
1422 514 1486 549 ab·

199 566 319 602 ditum
340 566 514 612 habebat,
534 578 620 602 eum
643 566 681 602 in
702 566 815 602 corde
832 566 962 615 defigit
979 578 987 602 ε
1017 566 1263 614 prolapsaque
1280 565 1318 602 in
1336 565 1484 609 vulnus,

198 618 425 655 moribunda
444 618 596 655 cecidit.
654 618 908 655 Conclamant
929 619 982 655 vir
1002 625 1192 667 paterque.

251 721 357 760 LIX.
405 723 556 766 Brutus,
592 723 664 759 illis
696 723 801 760 luctu
834 722 1042 771 occupatiS‚
1064 724 1240 768 cultrum,
1261 735 1308 759 ex
1329 722 1484 760 vulnere

158 792 185 817 10
198 773 387 811 Lucretiae
407 782 632 822 extractum,
653 782 871 812 manantem
891 787 1024 812 cruore
1045 788 1120 823 prae
1141 788 1180 811 se
1201 782 1348 820 tenens,
1375 777 1398 797 “
1414 775 1485 812 Per

198 828 381 872 “hunc‚’'
402 828 534 876 inquit,
573 828 865 864 “castissimum
899 835 985 864 ante
1017 828 1159 876 regiam
1193 827 1369 875 injuriam
1403 840 1486 864 san-

198 881 222 901 “
238 880 392 928 guinem
409 880 507 928 juro,
528 892 678 928 vosque,
700 880 776 922 Dii,
805 887 918 916 testes
939 880 1050 926 facio,
1084 892 1144 916 me
1166 879 1208 915 L.
1230 879 1486 927 Tarquinium

198 933 222 953 “
241 932 468 979 Superbum,
490 944 576 968 cum
598 932 779 968 scelerata
801 932 963 979 conjuge
997 939 1034 967 et
1053 932 1156 968 omni
1177 932 1381 968 liberorum
1403 932 1486 968 stir-

197 986 221 1006 “
240 997 298 1032 pe,
316 983 452 1028 fer1·'o‚
444 984 535 1032 igni,
553 996 792 1031 quacumque
809 984 950 1019 dehinc
966 983 1000 1019 vi
1018 983 1170 1031 possim,
1192 990 1484 1027 exsecuturum;

154 1052 185 1077 15
197 1038 222 1059 “
239 1049 311 1072 nec
331 1035 426 1078 illos,
448 1048 520 1072 nec
541 1036 655 1071 alium
671 1048 897 1083 quemquam
915 1048 1073 1084 regnare
1091 1035 1227 1072 Romae
1243 1036 1483 1084 passurum.'

198 1089 372 1126 Cultrum
393 1088 530 1124 deinde
548 1088 737 1124 Collatino
756 1088 895 1131 tradit3
940 1087 1028 1123 inde
1052 1087 1232 1124 Lucretio
1252 1100 1297 1124 ac
1318 1088 1484 1134 Valerio,

198 1141 437 1190 stupentibus
453 1140 636 1176 miraculo
657 1140 724 1183 rei,
759 1140 860 1176 unde
894 1152 1033 1176 novum
1068 1140 1106 1176 in
1131 1140 1237 1176 Bruti
1258 1147 1410 1188 pectore
1431 1141 1487 1176 in-

197 1193 364 1243 genium.
420 1192 471 1229 Ut
492 1199 720 1241 praeceptum
742 1200 834 1234 erat,
852 1192 1007 1241 jurant:
1038 1192 1179 1241 totique
1196 1192 1243 1228 ab
1263 1192 1367 1228 luctu
1388 1195 1484 1229 versi

198 1246 236 1282 in
258 1246 364 1288 iram,
385 1245 557 1288 Brutum,
575 1244 652 1293 jam
674 1244 761 1281 inde
783 1245 829 1280 ad
849 1245 1149 1293 expugnandum
1170 1257 1329 1293 regnum
1351 1257 1487 1281 vocan-

152 1312 185 1338 20
198 1305 287 1340 tem,
308 1305 515 1346 sequuntur
535 1298 683 1333 ducem.
741 1296 892 1333 Elatum
927 1297 1038 1334 domo
1071 1297 1259 1333 Lueretiae
1290 1309 1426 1345 corpus
1447 1297 1486 1334 in

199 1350 318 1387 forum
339 1349 526 1395 deferunt,
547 1349 799 1397 concientque
833 1349 1016 1386 miraculo
1053 1349 1111 1396 (ut
1131 1349 1188 1399 fit)
1225 1348 1277 1385 rei
1308 1362 1413 1386 novae
1435 1356 1487 1386 at—

198 1415 271 1451 que
292 1402 517 1450 indignitate
538 1402 710 1438 homines
728 1414 736 1437 ε
778 1414 845 1449 pro
877 1414 917 1438 se
951 1402 1107 1450 quisque
1128 1401 1252 1437 scelus
1272 1402 1420 1450 regium
1439 1414 1485 1438 ac

197 1455 272 1491 vim
305 1461 523 1502 queruntur.
582 1453 710 1490 Movet
738 1460 817 1490 tum
851 1454 966 1502 patris
1000 1454 1188 1496 moestitia,
1223 1460 1303 1490 tum
1333 1454 1485 1500 Brutus,

197 1507 400 1555 castigator
420 1506 670 1554 lacrymarum
705 1512 815 1553 atque
850 1506 1027 1542 inertium
1061 1506 1313 1554 querelarum,
1338 1513 1487 1542 auctor-

152 1572 269 1607 25que
292 1558 408 1608 (quod
429 1558 538 1604 viros,
554 1558 653 1606 quod
680 1558 878 1594 Romanos
897 1558 1071 1607 deceret)
1102 1571 1206 1594 arma
1225 1558 1402 1606 capiendi
1423 1559 1486 1594 ad-

199 1623 327 1647 versus
347 1610 495 1646 hostilia
513 1623 634 1646 ausos.
692 1610 968 1646 Ferocissimus
997 1611 1154 1659 quisque
1184 1610 1367 1659 juvenum
1397 1623 1486 1647 cum

200 1663 313 1699 armis
333 1662 564 1699 voluntarius
584 1663 716 1699 adest:
761 1663 927 1710 sequitur
960 1670 998 1699 et
1018 1670 1156 1699 caetera
1171 1663 1364 1712 juventus.
1422 1663 1487 1699 In-

199 1716 259 1758 de,
280 1715 359 1764 pari
380 1715 552 1763 praesidio
573 1715 703 1751 relicto
737 1715 908 1751 Collatiae
942 1715 988 1750 ad
1022 1722 1157 1773 portas,
1189 1715 1485 1773 custodibusque

199 1768 296 1804 datis
315 1780 363 1803 ne
382 1767 464 1815 quis
484 1779 571 1803 eum
592 1774 734 1803 motum
764 1767 918 1815 regibus
947 1767 1155 1810 nuntiaret,
1190 1767 1318 1803 caeteri
1338 1768 1487 1816 armati,

154 1834 187 1859 30
199 1820 297 1856 duce
322 1819 446 1866 Bruto,
467 1819 632 1856 Romam
653 1819 823 1868 profecti.
879 1819 953 1856 Ubi
974 1818 1019 1855 eo
1040 1826 1192 1856 ventum
1214 1826 1282 1862 est,
1303 1819 1487 1867 quacum-

198 1885 271 1921 que
291 1872 448 1918 incedit,
482 1878 625 1907 armata
656 1872 857 1908 multitudo
876 1884 1050 1920 pavorem
1081 1884 1125 1908 ac
1145 1872 1348 1908 tumultum
1369 1871 1459 1909 facit
1477 1885 1485 1908 ε

198 1937 339 1971 rursus,
359 1924 424 1960 ubi
458 1923 600 1960 anteire
633 1923 815 1972 primores
848 1924 1009 1960 civitatis
1043 1924 1183 1967 vident,
1217 1924 1399 1972 quidquid
1426 1924 1484 1970 sit,

199 1977 301 2013 haud
320 1976 461 2013 temere
481 1988 564 2012 esse
593 1983 734 2013 rentur.
792 1975 878 2012 Nec
905 1976 1089 2012 minorem
1110 1983 1252 2013 motum
1273 1977 1486 2013 animorum

200 2029 335 2066 Romae
356 2037 431 2065 tam
453 2035 558 2064 atrox
591 2041 651 2064 res
685 2028 787 2071 facit,
821 2029 933 2076 quam
968 2028 1138 2065 Collatiae
1174 2028 1326 2065 fecerat.
1384 2028 1486 2077 Ergo

156 2094 248 2120 35ex
265 2081 441 2119 omnibus
460 2080 553 2117 locis
582 2080 685 2117 urbis
715 2080 753 2116 in
784 2080 904 2117 forum
925 2081 1099 2117 curritur.
1154 2080 1247 2119 Quo
1268 2081 1378 2117 simul
1400 2093 1487 2117 ven-

202 2140 282 2170 tum
300 2141 370 2176 est,
386 2145 510 2182 praeco
530 2133 576 2169 ad
597 2133 791 2169 tribunum
812 2132 1005 2179 Celerum,
1040 2133 1078 2169 in
1098 2146 1171 2181 quo
1191 2140 1271 2169 tum
1292 2132 1487 2181 magistra-

203 2191 243 2221 tu
263 2185 354 2222 sorte
378 2186 518 2222 Brutus
537 2192 630 2228 erat,
665 2184 843 2234 populum
864 2185 1070 2221 advocavit.
1128 2185 1186 2221 Ibi
1206 2185 1326 2222 oratio
1346 2185 1484 2229 habita,

204 2237 441 2285 nequaquam
475 2238 556 2286 ejus
589 2237 751 2285 pectoris
785 2237 1016 2285 ingeniique,
1055 2238 1154 2286 quod
1188 2238 1404 2274 simulatum
1438 2236 1485 2273 ad

204 2301 288 2325 eam
308 2289 408 2325 diem
429 2289 560 2336 fuerat,
581 2290 628 2326 de
649 2289 682 2325 vi
703 2302 748 2325 ac
768 2289 924 2326 libidine
947 2291 1037 2326 Sex.
1055 2290 1269 2338 Tarquinii,
1291 2291 1338 2326 de
1359 2297 1485 2337 stupro

159 2355 192 2380 40
207 2341 360 2377 infando
378 2340 579 2388 Lucretiae,
599 2348 637 2378 et
656 2342 860 2378 miserabili
893 2343 1011 2385 caede,
1046 2343 1093 2378 de
1112 2343 1271 2379 orbitate
1291 2340 1486 2389 Tricipiti-

205 2393 258 2436 ni,
279 2393 341 2429 cui
372 2399 488 2428 morte
518 2393 602 2429 filiae
635 2407 750 2430 causa
779 2395 907 2431 mortis
938 2395 1127 2443 indignior
1161 2407 1205 2431 ac
1239 2393 1485 2430 miserabilior

205 2453 315 2482 esset.
373 2445 509 2481 Addita
528 2446 702 2494 superbia
722 2446 838 2494 ipsius
871 2447 983 2496 regis,
1017 2447 1250 2495 miserioeque
1284 2453 1321 2482 ct
1341 2445 1486 2482 labores
