1617 2765
131 181 210 220 226
662 180 752 212 T1T1
776 180 887 212 Livn

134 282 264 320 noctu,
284 275 412 312 venire
444 287 526 312 sese
557 275 679 317 vellet,
714 275 847 312 iisdem
873 288 920 311 an
941 274 1023 311 aliis
1041 273 1238 311 considere
1267 274 1410 312 castris.

132 327 258 365 Nocte
278 328 374 365 clam
395 328 542 378 ingredi
562 328 696 364 melius
716 328 834 364 visum
855 334 922 364 est.

185 432 329 471 XLVI.
358 432 524 470 Tessera
542 445 607 481 per
627 439 750 469 castra
769 432 816 468 ab
836 432 942 469 Livio
971 431 1126 468 consule
1155 431 1242 467 data
1261 437 1352 476 erat,
1373 437 1414 468 ut

133 484 325 522 tribunum
362 485 548 527 tribunus,
586 485 758 521 centurio
786 484 1061 526 centurionem,
1091 496 1205 531 eques
1233 483 1411 531 equitem,

131 537 247 586 pedes
278 537 443 586 peditem
474 537 688 585 acciperet:
734 549 856 584 neque
885 537 986 573 enim
1007 536 1152 572 dilatari
1173 544 1295 571 castra
1321 547 1415 583 opus
1443 547 1460 572 5

131 601 228 636 esse,
247 602 296 625 ne
316 589 431 626 hostis
461 589 662 625 adventum
693 589 846 625 alterius
868 589 1033 625 consulis
1062 588 1238 624 sentiret:
1285 594 1323 623 et
1351 599 1413 624 co·

132 641 288 678 arctatio
307 641 469 690 plurium
490 640 529 677 in
549 648 709 689 angusto
739 641 975 677 tendentium
1006 640 1150 677 facilior
1180 639 1303 676 futura
1321 646 1413 686 erat,

131 692 228 741 qudd
250 692 484 729 Claudianus
503 692 691 728 exercitus
711 692 804 728 nihil
824 692 954 735 ferme,
979 700 1113 741 praeter
1134 704 1249 735 arma,
1280 703 1412 728 secum

133 745 172 781 in
192 745 472 793 expeditionem
500 744 647 781 tulerat.
705 744 913 787 Caeterum,
936 745 973 780 in
995 745 1074 792 ipso
1095 744 1227 780 itinere
1261 751 1414 780 auctum

132 797 350 834 voluntariis
370 809 506 846 agmen
526 804 627 841 erat3
671 796 917 833 offerentibus
949 809 1030 832 sese
1057 796 1153 832 ultro
1172 803 1210 832 et
1227 796 1416 832 veteribus
1431 808 1461 833 10

133 849 315 885 militibus
334 849 542 897 perfunctis
557 849 634 898 jam
656 849 802 895 militia,
822 856 860 885 et
875 848 1094 897 juvenibus,
1122 860 1216 896 quos
1243 848 1415 884 certatim

132 901 287 938 nomina
306 902 452 945 dantes,
482 901 512 938 si
533 914 689 949 quorum
719 901 885 950 corporis
905 901 1051 950 species
1070 900 1256 948 roburque
1283 900 1417 936 virium

132 960 260 1002 aptum
280 953 422 990 militiae
453 954 660 1000 videbatur,
691 953 978 1002 conscripserat.
1036 953 1099 989 Ad
1120 953 1262 990 Senam
1290 960 1416 989 castra

133 1006 284 1042 alterius
313 1006 480 1042 consulis
509 1013 640 1050 erant;
685 1012 724 1042 et
752 1006 978 1054 quingentos
1014 1005 1103 1041 inde
1141 1006 1257 1042 ferme
1285 1017 1417 1054 passus

133 1057 347 1094 Hasdrubal
368 1058 507 1094 aberat.
564 1057 698 1106 Itaque
715 1070 831 1106 quum
848 1058 924 1107 jam
945 1057 1270 1106 appropinquaret,
1291 1064 1415 1093 tectus
1431 1070 1462 1095 15

132 1110 322 1146 montibus
342 1110 507 1146 substitit
525 1109 642 1155 Nero,
675 1122 724 1146 ne
758 1117 844 1146 ante
877 1117 1028 1146 noctem
1059 1118 1182 1146 castra
1201 1110 1417 1158 ingredere—

132 1168 202 1198 tur.
260 1162 419 1198 Silentio
440 1162 612 1210 ingressi,
632 1162 679 1197 ab
699 1162 756 1197 sui
783 1162 939 1209 quisque
968 1161 1111 1198 ordinis
1141 1161 1358 1197 hominibus
1376 1161 1415 1197 in

132 1214 292 1250 tentoria
320 1213 487 1256 abducti,
527 1225 615 1249 cum
644 1213 793 1249 summa
819 1214 987 1249 omnium
1026 1212 1156 1248 laetitia
1185 1212 1416 1261 hospitaliter

132 1266 382 1314 excipiuntur.
439 1265 593 1302 Postero
611 1265 672 1301 die
691 1265 893 1302 consilium
923 1265 1106 1312 habitum,
1126 1264 1189 1301 cui
1207 1272 1245 1300 et
1264 1263 1308 1301 L.
1329 1264 1418 1301 Por-

133 1317 215 1354 cius
234 1318 392 1354 Licinus
420 1325 553 1366 praetor
573 1317 690 1354 affuit.
747 1317 882 1354 Castra
897 1317 1031 1366 juncta
1059 1316 1259 1354 consulum
1284 1316 1462 1355 castrism

134 1370 323 1415 habebat3
369 1377 407 1406 et
436 1377 522 1406 ante
552 1369 755 1406 adventum
788 1381 930 1414 eorum,
951 1382 1016 1418 per
1035 1369 1119 1406 loca
1138 1369 1212 1405 alta
1240 1369 1417 1406 ducendo

133 1422 356 1468 exercitum,
377 1434 493 1470 quum
513 1421 623 1458 modo
643 1422 824 1458 insideret
856 1428 1036 1470 angustos
1067 1421 1195 1467 saltus,
1226 1429 1267 1458 ut
1285 1421 1418 1458 transi-

133 1481 213 1510 tum
234 1474 438 1519 clauderet,
458 1473 569 1510 modd
589 1474 636 1510 ab
656 1474 771 1510 latere
791 1480 855 1509 aut
874 1474 921 1509 ab
941 1481 1047 1522 tergo
1066 1480 1237 1522 carperet
1264 1485 1416 1522 agmen,

134 1525 351 1563 ludificatus
379 1526 523 1563 hostem
552 1526 728 1562 omnibus
757 1525 898 1562 artibus
927 1525 1015 1561 belli
1044 1525 1190 1562 fuerat:
1229 1525 1261 1561 is
1279 1532 1358 1561 turn
1379 1525 1419 1561 in

134 1578 291 1614 consilio
311 1579 450 1614 aderat.
508 1577 715 1614 Multorum
734 1577 781 1614 eo
803 1577 989 1614 inclinant
1016 1577 1224 1622 sententiae,
1255 1584 1306 1622 ut,
1328 1577 1416 1613 dum
1430 1589 1464 1615 25

134 1629 273 1666 sessum
304 1630 362 1666 via
391 1642 436 1666 ac
467 1630 604 1679 vigiliis
632 1630 805 1666 reficeret
833 1630 991 1666 militem
1019 1629 1137 1676 Nero,
1167 1629 1277 1666 simul
1305 1636 1344 1666 et
1371 1629 1419 1666 ad

134 1682 369 1718 noscendum
400 1682 545 1718 hostem
567 1694 709 1730 paucos
728 1682 798 1718 sibi
818 1689 984 1718 sumeret
1003 1682 1095 1727 dies,
1116 1689 1264 1730 tempus
1282 1693 1419 1730 pugnae

134 1733 358 1771 differretur.
414 1734 520 1770 Nero
538 1747 614 1770 non
635 1734 794 1770 suadere
814 1733 943 1783 modo,
965 1735 1031 1770 sed
1051 1735 1199 1770 summa
1223 1747 1292 1783 ope
1311 1746 1418 1771 orare

134 1785 280 1832 institit,
310 1790 334 1810 “
347 1799 395 1823 ne
415 1786 615 1823 consilium
635 1799 759 1833 suum,
781 1787 880 1834 quod
900 1793 1020 1823 tutum
1054 1786 1227 1823 celeritas
1254 1786 1417 1830 fecisset,

135 1838 413 1875 “temerarium
447 1839 628 1875 morando
662 1838 841 1875 facerent.
899 1839 1035 1876 Errore
1070 1838 1150 1887 (qui
1180 1851 1256 1875 non
1276 1839 1462 1876 diutur-ao

136 1893 245 1925 “nus
264 1890 411 1926 futurus
430 1891 547 1940 esset)
576 1891 677 1926 velut
696 1898 921 1938 torpentem,
943 1891 1202 1927 Hannibalern
1231 1902 1304 1926 nec
1337 1903 1418 1927 eas·

135 1944 228 1977 “tra
247 1954 315 1977 sua
334 1942 415 1978 sine
449 1943 547 1978 duce
576 1942 708 1978 relicta
740 1943 907 1990 aggredi,
935 1955 1008 1978 nec
1037 1943 1084 1978 ad
1113 1942 1347 1990 sequendum
1377 1955 1417 1978 se

134 1992 241 2029 “iter
268 1993 488 2030 intendisse.
556 1994 772 2041 Antequam
801 2006 840 2030 se
870 2001 1027 2039 moveat,
1061 1994 1178 2031 deleri
1207 1995 1417 2031 exercitum

136 2044 422 2082 “Hasdrubalis
440 2058 561 2095 posse,
584 2044 820 2095 [redireque]
854 2046 891 2082 in
926 2046 1117 2095 Apuliam.
1189 2046 1271 2086 Qui
1298 2047 1418 2095 prola-

135 2098 286 2134 “tando
305 2099 465 2147 spatium
488 2098 583 2135 hosti
603 2098 677 2143 det,
698 2110 784 2134 eum
814 2105 851 2134 et
872 2098 934 2134 illa
952 2106 1074 2135 castra
1094 2099 1250 2147 prodere
1271 2099 1463 2137 Hanni-35

136 2149 261 2192 “bali,
295 2158 333 2187 et
366 2151 510 2199 aperire
539 2151 577 2186 in
606 2150 767 2186 Galliam
788 2150 869 2193 iter,
900 2159 940 2187 ut
969 2163 1034 2199 per
1061 2151 1192 2194 otium,
1223 2151 1286 2188 ubi
1316 2152 1416 2196 velit,

135 2201 403 2239 “Hasdrubali
437 2203 698 2252 conjungatur.
756 2202 955 2251 Extemplo
990 2203 1141 2252 signum
1171 2204 1351 2248 dandum,
1381 2211 1419 2241 et

136 2255 389 2291 “exeundum
412 2255 450 2291 in
484 2256 631 2291 aciem:
678 2255 984 2303 abutendumque
1009 2269 1133 2293 errore
1162 2256 1324 2293 hostium
1355 2256 1418 2292 ab·

137 2306 339 2343 “sentium
359 2308 700 2356 praesentiumque3
740 2307 830 2343 dum
851 2320 972 2356 neque
1006 2308 1055 2344 illi
1078 2309 1200 2345 sciant
1219 2321 1305 2345 cum
1326 2320 1418 2357 pau-

139 2358 352 2401 “cioribus‚
374 2372 446 2396 nec
467 2360 503 2396 hi
534 2372 620 2396 cum
651 2360 820 2408 pluribus
839 2367 876 2396 et
905 2360 1158 2404 validioribus,
1188 2374 1267 2398 rem
1295 2361 1461 2398 esse.''4o

137 2410 307 2447 Consilio
325 2411 491 2455 dimisso,
512 2412 662 2461 signum
682 2424 819 2461 pugnae
835 2413 1065 2462 proponitur,
1086 2414 1358 2463 confestimque
1377 2412 1415 2449 in

137 2462 258 2499 aciem
277 2464 498 2512 procedunt.
