1617 2765
135 186 187 225 76
665 183 757 214 T1T1
782 183 894 214 LIVII

136 279 266 317 “Hac
303 279 367 326 ira,
404 280 494 316 dum
534 287 699 317 ventrem
741 279 837 316 fame
867 279 1019 317 domare
1050 281 1199 327 vellent,
1234 280 1313 330 ipsa
1346 281 1423 318 una

137 332 348 369 “membra
376 340 569 381 totumque
613 346 749 381 corpus
788 333 833 368 ad
864 340 1070 370 extremam
1107 334 1231 370 tabem
1262 334 1421 370 venisse.

136 385 274 422 “Inde
295 385 524 434 apparuisse,
547 385 687 421 ventris
716 397 863 433 quoque
894 385 992 422 haud
1023 399 1140 435 segne
1170 386 1421 423 ministerium

135 442 160 462 “
177 451 283 475 esse:
313 451 385 475 nec
405 438 525 486 magis
545 437 606 484 ali,
636 437 748 485 quam
782 437 882 473 alere
915 450 1015 484 eum,
1037 439 1257 475 reddentem
1280 439 1317 475 in
1345 451 1424 475 om-

136 493 242 527 “nes
262 490 428 539 corporis
447 498 570 539 partes
600 491 715 533 hunc,
750 503 823 538 quo
852 490 1011 526 vivimus
1043 491 1300 540 vigemusque,
1331 491 1423 527 divi-

134 544 257 580 “sum
295 543 434 592 pariter
478 543 516 579 in
557 556 673 579 venas
703 550 904 586 maturum,
937 543 1112 580 confecto
1142 543 1241 590 cibo,
1271 544 1423 592 sangui-

134 599 159 619 “
176 596 305 633 nem.”
362 596 629 644 Comparando
645 596 748 638 hinc,
766 597 884 644 quam
906 596 1087 632 intestina
1102 597 1268 644 corporis
1288 596 1424 633 seditio

133 648 266 685 similis
285 656 385 686 esset
404 648 467 685 irae
487 648 607 698 plebis
627 649 666 685 in
697 648 841 698 Patres,
871 648 1019 685 flexisse
1050 658 1196 685 mentes
1216 649 1422 685 hominurn.

186 753 387 790 XXXIII.
421 753 495 802 Agi
516 753 656 789 deinde
677 753 723 789 de
745 754 948 790 concordia
963 760 1151 802 coeptum3
1182 766 1423 790 concessum-

132 818 204 854 que
231 807 270 842 in
299 806 549 851 conditiones,
584 816 625 842 ut
657 806 757 854 plebi
791 806 848 842 sui
876 806 1116 854 magistratus
1145 813 1271 842 essent
1300 819 1424 843 sacro-

132 859 268 905 sancti,
288 858 424 907 quibus
444 858 577 895 auxilii
597 858 686 895 latio
706 859 884 895 adversus
903 858 1079 895 consules
1099 866 1220 895 essct:
1250 871 1344 895 neve
1361 859 1422 895 cui

132 910 286 947 Parrum
306 923 442 960 capere
462 924 549 947 euin
572 911 831 961 magistratum
862 911 1004 948 liceret.
1062 911 1121 947 Ita
1139 911 1279 948 tribuni
1300 911 1423 960 plebei

132 964 248 1000 creati
271 964 360 1007 duo,
382 964 426 1000 C.
448 964 622 1000 Licinius
642 971 678 1000 et
699 964 741 1000 L.
764 964 940 1000 Albinus.
998 964 1050 1000 Hi
1071 971 1146 1000 tres
1167 964 1332 1013 collegas
1351 964 1422 1000 sibi

132 1023 368 1053 creaverunt.
425 1016 471 1052 In
503 1016 562 1052 his
596 1016 784 1053 Sicinium
816 1016 942 1062 fuisse,
974 1016 1170 1053 seditionis
1204 1024 1421 1061 auctorem3

131 1068 178 1105 de
199 1069 359 1112 duobus,
381 1069 444 1117 qui
467 1069 618 1116 fuerint,
639 1070 770 1106 minus
788 1069 978 1106 convenit.
1027 1070 1126 1106 Sunt
1145 1069 1206 1118 qui
1228 1069 1322 1105 duos
1342 1076 1423 1105 tan-

131 1121 216 1158 tum
237 1122 275 1157 in
297 1122 416 1158 Sacro
435 1129 562 1158 monte
583 1130 729 1158 creatos
762 1122 933 1159 tribunos
952 1134 1035 1158 esse
1055 1122 1198 1166 dicant,
1220 1122 1345 1170 ibique
1366 1134 1423 1157 sa-

132 1181 274 1211 cratam
294 1174 419 1223 legem
438 1174 564 1210 latam.
622 1201 788 1211 .....

185 1279 380 1317 XXXIV.
428 1279 615 1317 Consules
644 1280 784 1317 deinde
814 1280 863 1317 T.
895 1281 1106 1339 Geganius,
1137 1280 1178 1317 P.
1211 1279 1419 1327 Minucius,

132 1331 233 1369 facti.
290 1333 348 1370 Eo
368 1346 479 1379 anno,
500 1346 616 1381 quum
636 1340 674 1370 et
694 1333 782 1370 foris
801 1333 929 1382 quieta
957 1346 1060 1370 omn·
1065 1346 1086 1370 a
1111 1346 1131 1370 a
1165 1333 1264 1370 bello
1282 1340 1421 1380 essent,

131 1392 169 1422 et
188 1385 289 1422 domi
318 1393 450 1422 sanata
469 1386 671 1433 discordia,
702 1386 803 1422 aliud
833 1385 950 1423 mult&
979 1386 1130 1435 gravius
1159 1386 1299 1422 malum
1334 1386 1424 1422 civi-

130 1445 246 1474 tatem
267 1438 425 1475 invasit:
467 1438 604 1474 caritas
637 1437 797 1487 primurn
829 1451 1004 1482 annonae,
1034 1451 1081 1475 ex
1101 1439 1253 1475 incultis
1273 1451 1338 1487 per
1367 1451 1460 1498 se·->

131 1491 344 1527 cessionem
372 1491 493 1549 plebis
522 1490 643 1539 agris;
675 1491 793 1527 fames
822 1491 974 1534 deinde,
1005 1491 1126 1539 qualis
1145 1491 1284 1528 clausis
1303 1491 1420 1528 solet:

131 1550 360 1601 ventumque
381 1544 427 1579 ad
448 1520 643 1580 interituni
669 1543 904 1580 servitiorum
934 1543 1063 1592 utique
1092 1551 1129 1579 et
1161 1543 1283 1591 plebis
1309 1550 1419 1589 esset,

130 1595 170 1632 ni
191 1596 366 1632 consules
387 1596 646 1645 providissent,
669 1596 833 1632 dimissis
863 1596 1001 1644 passim
1036 1596 1082 1632 ad
1110 1593 1340 1632 frumentum
1361 1608 1467 1635 co-
1443 1615 1449 1620 -

131 1649 348 1685 emendum.
407 1675 573 1685 .....
606 1647 659 1684 M.
690 1648 866 1684 Minucio
895 1648 1034 1684 deinde
1065 1655 1102 1684 et
1125 1648 1173 1684 A.
1196 1648 1460 1705 Sempronio

131 1701 366 1748 consulibus,
397 1713 536 1750 magna
564 1700 619 1737 vis
649 1701 827 1737 frumenti
855 1713 902 1737 ex
923 1701 1056 1737 Sicilia
1077 1701 1260 1737 advecta·
1304 1701 1459 1749 agita-·

129 1760 285 1802 tumque
306 1754 344 1790 in
366 1761 514 1799 senatu,
535 1754 664 1801 quanti
685 1753 784 1802 plebi
805 1754 969 1790 daretur.
1027 1753 1136 1790 Multi
1153 1753 1300 1790 venisse
1328 1751 1467 1803 tem-{g

131 1818 200 1854 pus
233 1807 451 1855 premendas
479 1784 600 1855 plebis
628 1806 824 1854 putabant,
858 1806 1184 1865 recuperandique
1209 1806 1306 1855 jura,
1336 1805 1466 1854 quaei’*

129 1866 274 1895 extorta
293 1859 508 1895 secessione
530 1871 574 1895 ac
595 1859 627 1894 vi
649 1859 823 1895 Patribus
838 1866 975 1895 essent.
1036 1859 1079 1895 In
1100 1859 1229 1907 primis
1251 1857 1448 1895 Marcius.

130 1911 368 1954 Coriolanus,
390 1911 507 1947 hostis
536 1911 748 1947 tribunieiae
778 1911 984 1968 potestatiS,
1014 1914 1039 1934 ‘⁶
1053 1911 1094 1947 Si
1115 1908 1465 1963 an110nam‚''{¹3in-

129 1963 222 2012 quit,
245 1967 447 2000 “veterem
469 1963 610 2006 volunt,
627 1963 688 2012 J'us
709 1963 908 2011 pristinum
928 1963 1088 1999 reddant
1110 1963 1294 2000 Patribus.
1340 1964 1466 2000 Cur⁰⁰

130 2020 239 2065 “ego
267 2015 435 2065 plebejos
466 2016 719 2065 magistratuS‚
758 2028 826 2052 cur
856 2015 1044 2052 Sicinium
1073 2023 1265 2064 potentem
1295 2010 1466 2059 video,

129 2069 237 2105 “sub
278 2069 413 2118 jugum
457 2069 606 2112 missus,
649 2075 840 2116 tamquam
882 2081 904 2104 a
931 2068 1140 2105 latronibus
1168 2069 1384 2116 redemptus
1403 2069 1418 2104 ’ἶ

129 2120 296 2170 “Egone
318 2122 385 2158 has
405 2121 652 2170 indignitates
672 2121 814 2157 diutius
847 2121 979 2169 patiar,
1013 2121 1125 2169 quam
1147 2133 1304 2157 necesse
1324 2129 1381 2157 est
1401 2121 1416 2157 ἲ

1435 1041 1469 1112 l·1611
1445 1004 1461 1030 Ὃ
1445 966 1461 992 'V
1445 834 1469 928 ‘1962‘’
1436 774 1470 819 Ὢ]

1435 1293 1469 1303 ‚q

1443 1307 1461 1334 s*

1443 1369 1469 1446 ζῷ’

1443 1545 1468 1595 ἑὲ

1443 1598 1468 1612 0

1434 1674 1468 1683 ,-

1441 1866 1458 1882 >

1441 1981 1466 2005 52

130 2173 422 2222 “Tarquinium
443 2187 572 2223 regem
591 2173 654 2222 qui
676 2187 751 2210 non
772 2173 934 2217 tulerim,
956 2173 1143 2210 Sicinium
1166 2173 1310 2210 feram?
1350 2174 1417 2210 Se·
1431 2186 1464 2211 35

129 2229 154 2249 “
167 2226 279 2262 cedat
298 2240 402 2263 nunc
420 2241 428 2271 ;
459 2234 591 2264 avocet
610 2226 758 2275 plebem
777 2239 785 2262 :
814 2232 916 2274 patet
930 2226 990 2262 via
1003 2226 1041 2262 in
1059 2226 1219 2262 Sacrum
1236 2233 1415 2272 montem,

129 2283 154 2302 “
169 2278 333 2326 aliosque
354 2279 482 2316 colles.
530 2279 701 2327 Rapiant
721 2279 911 2314 frumenta
929 2291 976 2314 ex
997 2278 1097 2327 agris
1116 2279 1265 2321 nostris,
1287 2291 1417 2327 quem-

130 2331 374 2368 “admodum
403 2332 513 2368 tertio
542 2344 643 2368 anno
671 2333 840 2380 rapuere.
907 2330 1070 2367 Utantur
1103 2331 1268 2374 annona,
1303 2343 1415 2379 quam

129 2387 153 2408 ‘⁶
168 2383 291 2420 surore
312 2397 379 2420 suo
399 2384 536 2420 fecere.
595 2383 732 2420 Audeo
752 2383 893 2426 dicere,
914 2383 986 2420 hoc
1006 2383 1104 2420 malo
1123 2383 1295 2426 domitos,
1317 2383 1416 2432 ipsos

129 2440 154 2460 “
167 2436 296 2485 potius
315 2436 479 2473 cultores
499 2449 671 2486 agrorum
694 2436 785 2482 fore,
805 2435 915 2484 quam
937 2443 978 2472 ut
997 2436 1129 2472 armati
1150 2449 1214 2484 per
1235 2436 1415 2472 secessio-

130 2494 154 2513 “
168 2502 256 2526 nem
276 2489 349 2527 coli
369 2489 629 2539 prohibeant.’'
689 2489 802 2525 Haud
824 2496 900 2525 tam
921 2487 1031 2525 facile
1061 2489 1165 2526 dictu
1185 2495 1254 2535 est,
1277 2488 1415 2524 facien-

1430 2448 1462 2473 -20
