1617 2765
630 155 767 186 LIBER
793 155 837 185 11.
866 163 947 184 CAP.
966 165 997 185 x.
1401 155 1452 191 65

172 263 226 296 ra,
255 257 293 287 et
320 250 367 287 ad
387 249 615 287 frumentum
649 249 944 297 comparandum
975 249 1091 291 missi,
1121 248 1182 284 alii
1213 249 1250 284 in
1282 248 1453 294 Volscos,

173 303 235 340 alii
257 304 409 340 Cumas.
467 301 564 337 Salis
583 313 728 348 quoque
750 301 937 336 vendendi
968 301 1174 345 arbitrium,
1196 302 1283 348 quia
1312 301 1456 348 impen-

173 368 213 391 so
245 355 362 403 pretio
398 353 560 396 venibat,
598 353 636 389 in
670 353 864 401 publicum
900 353 1003 388 omni
1042 359 1203 400 sumptu,
1238 353 1455 400 ademptum

172 406 335 455 privatis.
393 405 644 453 Portoriisque
663 413 700 441 et
720 405 858 441 tributo
889 405 1018 453 plebes
1048 405 1219 447 liberata,
1255 411 1294 440 ut
1323 404 1455 441 divites

144 470 159 494 5
173 458 400 504 conferrent,
420 457 482 506 qui
502 458 607 494 oneri
629 457 784 493 ferendo
803 464 929 493 essent
947 469 954 493 :
995 469 1178 505 pauperes
1207 456 1297 492 satis
1318 456 1456 503 stipen-

172 510 223 546 dii
245 510 424 558 pendere,
458 510 489 546 si
509 509 646 546 liberos
665 510 886 545 educarent.
945 508 1076 556 Itaque
1109 509 1189 544 haec
1219 508 1457 556 indulgentia

172 561 339 605 Patrum,
378 562 518 610 asperis
550 562 787 610 postmodum
822 561 935 597 rebus
973 561 1010 596 iu
1040 561 1236 597 obsidione
1268 573 1312 596 ac
1345 560 1455 607 fame,

171 613 267 649 adeo
305 614 533 650 concordem
570 613 760 649 civitatem
791 614 925 656 tenuit,
962 620 1002 649 ut
1032 613 1176 661 regium
1209 625 1346 648 nomen
1381 625 1456 649 non

169 666 306 702 summi
327 666 446 715 magis
471 667 587 715 quam
617 665 736 702 infimi
771 666 986 710 horrerent3
1030 678 1101 701 nec
1131 665 1325 712 quisquam
1360 678 1457 701 unus

126 728 155 752 10
172 717 277 753 malis
306 718 447 754 artibus
477 725 606 766 postea
635 725 712 754 tam
742 718 929 766 popularis
958 724 1070 761 esset,
1100 717 1212 766 quam
1250 724 1329 753 tum
1360 718 1457 754 bene

170 769 390 818 imperando
409 770 606 807 universus
626 778 779 806 senatus
795 770 875 806 fuit.

223 874 273 910 X.
319 874 453 914 Quum
473 876 600 911 hostes
620 876 806 919 adessent,
839 888 904 923 pro
933 888 972 911 se
1002 874 1159 923 quisque
1190 874 1226 910 in
1258 875 1389 910 urbem
1410 887 1457 910 ex

170 926 270 974 agris
285 927 519 974 demigrant:
564 928 695 962 urbem
727 927 844 974 ipsam
866 928 1015 975 sepiunt
1035 927 1240 974 praesidiis:
1284 927 1357 962 alia
1378 939 1458 962 mu·-

169 977 230 1021 ris,
252 977 324 1014 alia
343 978 476 1014 Tiberi
495 978 644 1026 objecto
663 978 887 1014 videbantur
907 986 997 1014 tuta.
1056 979 1156 1014 Pons
1183 979 1367 1014 sublicius
1388 978 1457 1014 iter

126 1040 155 1064 15
169 1041 274 1076 paene
296 1030 465 1066 hostibus
485 1030 610 1073 dedit;
658 1030 696 1066 ni
724 1043 822 1066 unus
853 1030 906 1066 vir
937 1030 1079 1074 fuisset,
1104 1030 1284 1066 Horatius
1304 1030 1455 1076 Cocles,

170 1081 224 1128 (id
246 1082 523 1118 munimentum
563 1082 625 1119 illo
662 1083 723 1118 die
762 1082 910 1118 fortuna
947 1083 1050 1118 urbis
1081 1082 1267 1118 Romana}
1306 1082 1454 1140 habuit)

167 1133 244 1181 qui,
265 1134 408 1182 positus
429 1134 550 1171 forte
542 1147 579 1170 1n
601 1135 761 1171 statione
782 1135 918 1183 pontis,
948 1147 1061 1182 quum
1085 1142 1236 1182 captum
1258 1135 1457 1192 repentine

167 1185 308 1233 impetu
329 1185 563 1233 Janiculum,
594 1194 704 1235 atque
736 1187 824 1223 inde
854 1187 988 1223 citatos
1019 1188 1220 1222 decurrere
1256 1188 1380 1222 hostes
1408 1187 1457 1223 vi-

167 1237 295 1281 disset,
316 1238 575 1287 trepidamque
606 1240 751 1275 turbam
783 1252 934 1275 suorum
968 1252 1071 1275 arma
1097 1239 1322 1286 ordinesque
1344 1239 1456 1275 relin-

122 1305 154 1329 ρο
167 1302 294 1336 quere,
316 1291 590 1339 reprehensans
611 1291 792 1339 singulos,
810 1292 1010 1337 obsistens,
1042 1292 1308 1339 obtestansque
1331 1291 1454 1327 Deum

167 1348 205 1377 et
235 1343 431 1379 homiuum
460 1343 587 1386 fidem,
622 1344 840 1389 testabatur,
869 1344 1165 1391 “nequidquam
1185 1344 1334 1380 deserto
1362 1356 1455 1392 prae—

167 1396 191 1414 “
209 1394 304 1431 sidio
324 1407 388 1431 eos
408 1395 548 1443 fugere.
607 1396 646 1431 Si
668 1396 866 1432 transitum
881 1405 1032 1444 pontem
1046 1409 1066 1431 a
1082 1403 1187 1444 tergo
1204 1396 1452 1443 reliquissent,

167 1446 280 1495 “jam
301 1447 384 1495 plus
404 1447 565 1483 hostium
584 1448 620 1484 in
643 1448 786 1484 Palatio
807 1449 1081 1496 Capitolioque,
1101 1449 1212 1495 quzim
1236 1448 1270 1483 in
1294 1448 1453 1484 Janicu-

166 1500 189 1519 “
207 1499 254 1545 lo,
276 1499 364 1535 fore.
421 1498 553 1546 Itaque
573 1512 738 1544 monere,
759 1501 978 1548 praedicere,
1001 1507 1040 1536 ut
1060 1507 1211 1547 pontem
1230 1500 1338 1542 ferro,
1360 1501 1452 1549 igni,

166 1552 441 1599 “quacumque
471 1551 506 1588 vi
535 1559 700 1600 possent,
732 1552 1017 1600 interrumpant.
1077 1553 1127 1588 Se
1162 1552 1343 1600 impetum
1372 1554 1453 1588 hos-

166 1603 314 1649 “tium,
333 1603 515 1651 quantum
536 1617 690 1662 corpore
724 1617 800 1640 uno
833 1616 958 1653 posset
989 1604 1133 1650 obsisti,
1167 1606 1451 1652 excepturum.''

166 1654 283 1691 Vadit
320 1654 408 1691 inde
446 1655 484 1692 in
522 1656 684 1704 primum
714 1657 857 1692 aditum
889 1657 1035 1705 pontis3
1083 1657 1317 1705 insignisque
1356 1657 1453 1693 inter

167 1714 372 1755 conspecta
408 1708 625 1744 cedentium
668 1721 805 1756 pugnae
842 1716 960 1756 terga,
1003 1709 1170 1744 obversis
1203 1709 1376 1745 cominus
1405 1710 1451 1745 ad

167 1759 376 1795 ineundum
409 1760 582 1808 proelium
609 1760 735 1803 armis,
768 1761 847 1808 ipso
877 1761 1061 1797 miraculo
1081 1761 1249 1796 audaciae
1279 1762 1452 1808 obstupe-

122 1823 154 1848 3ο
168 1811 256 1847 fecit
275 1811 412 1848 hostes.
471 1811 576 1848 Duos
606 1819 732 1848 tamen
763 1825 851 1848 cum
885 1826 930 1849 eo
960 1813 1079 1861 pudor
1110 1813 1243 1858 tenuit,
1275 1814 1337 1861 Sp.
1361 1814 1450 1849 Lar-

165 1863 258 1899 tium
296 1875 341 1899 ac
369 1863 419 1899 T.
451 1864 705 1908 Herminium,
749 1865 878 1901 ambos
917 1865 1038 1901 claros
1076 1877 1215 1913 genere
1255 1865 1449 1913 factisque.

165 1914 264 1951 Cum
295 1915 353 1951 his
382 1916 539 1964 primam
569 1916 727 1964 periculi
756 1917 970 1974 procellam
1002 1925 1039 1952 et
1068 1917 1166 1964 quod
1197 1918 1452 1954 tumultuosis-

165 1967 302 2003 simum
321 1980 458 2017 pugnae
478 1975 570 2011 erat,
593 1981 792 2027 parumper
818 1970 1017 2005 sustinuit.
1060 1969 1198 2005 deinde
1219 1982 1283 2005 eos
1302 1983 1449 2018 quoque

165 2019 276 2067 ipsos,
297 2020 436 2069 exigua
455 2031 558 2069 parte
579 2021 703 2068 pontis
733 2021 878 2068 relicta,
908 2022 1186 2067 revocantibus,
1215 2022 1276 2069 qui
1310 2023 1449 2058 rescin-

120 2083 151 2108 35
165 2071 318 2118 debant,
337 2073 474 2109 cedere
507 2073 544 2108 in
567 2079 688 2109 tutum
709 2074 846 2122 coegit.
903 2074 1187 2109 Circumferens
1214 2074 1302 2110 inde
1323 2081 1450 2111 truces

166 2123 362 2160 minaciter
391 2125 521 2161 oculos
554 2125 600 2160 ad
638 2138 813 2174 proceres
847 2126 1107 2171 Etruscorum,
1139 2139 1241 2162 nunc
1280 2127 1449 2174 singulos

164 2186 378 2222 provocare,
412 2189 516 2213 nunc
543 2177 738 2226 increpare
756 2191 902 2220 omnes,
933 2180 955 2199 ‘⁴
974 2156 1134 2214 Servitia
1167 2191 1298 2225 regum
1319 2192 1446 2227 super-

165 2226 362 2296 ·‘borum,
380 2241 458 2265 suae
488 2229 671 2265 libertatis
708 2230 958 2274 immemores,
997 2230 1159 2266 alienam
1188 2238 1447 2279 oppugnatum

166 2279 362 2315 “venire
431 2281 610 2318 Cunctati
631 2282 860 2330 aliquamdiu
892 2290 990 2328 sunt,
1021 2283 1109 2318 dum
1142 2282 1236 2318 alius
1257 2283 1384 2326 alium,
1408 2290 1448 2319 ut

122 2330 337 2379 aoproelium
372 2332 567 2381 incipiant,
606 2334 935 2382 circumspectant.
1013 2335 1136 2370 Pudor
1172 2335 1309 2370 deinde
1347 2347 1447 2371 com-

167 2383 281 2420 movit
302 2383 446 2428 aciem3
475 2392 525 2428 et,
546 2386 709 2422 clamore
730 2387 888 2428 sublato,
919 2387 1083 2434 undique
1105 2387 1139 2422 in
1163 2400 1279 2422 unum
1303 2388 1446 2422 hostem

165 2435 241 2471 tela
259 2435 480 2484 conjiciunt·
535 2436 635 2475 Quae
655 2451 768 2486 quum
791 2440 827 2474 in
849 2440 996 2488 objecto
1026 2448 1165 2474 cuncta
1194 2446 1301 2474 scuto
1322 2438 1447 2474 liaesis-

585 2488 632 2524 0*

121 1565 154 1590 253
