1617 2765
569 208 709 240 LIBER
732 209 775 239 11.
801 219 877 241 CAP.
894 220 1008 242 xxvrr.
1369 213 1415 250 71

136 304 269 354 potitis,
307 303 418 353 quam
454 303 650 352 postmodo
678 303 867 340 voluntate
895 304 1043 341 afflictis
1080 304 1219 341 civium
1264 319 1417 343 suorum

137 357 295 394 fortunis
314 355 562 392 consuluisse.
621 355 806 392 Concioni
828 357 966 392 deinde
987 357 1112 393 edicto
1126 357 1270 393 addidit
1290 358 1415 401 fidem,

135 421 209 457 quo
227 408 356 454 edixit,
377 411 401 430 “
415 407 476 444 Ne
495 407 578 455 quis
597 407 718 444 civem
740 408 958 445 Romanurn
973 409 1141 445 vinctum
1162 416 1223 445 aut
1246 409 1416 446 clausum

136 465 160 483 ‘⁸
178 466 334 506 teneret,
355 458 427 507 qu&
447 459 578 496 minsis
607 459 642 496 ei
673 461 836 496 nominis
868 461 1006 497 edendi
1041 462 1140 509 apud
1161 461 1336 497 consules
1356 475 1418 509 po-

105 522 121 547 5
135 515 158 535 ‘⁶
175 519 288 548 testas
307 511 423 548 fieret.
480 511 541 547 Ne
560 512 644 559 quis
664 513 804 555 militis,
825 513 947 549 donec
969 513 1006 549 in
1034 513 1166 549 castris
1185 520 1296 556 esset,
1320 514 1418 549 bona

133 567 157 588 “
174 563 392 612 possideret,
414 566 478 600 aut
497 564 699 608 venderet;
740 564 877 601 liberos
911 572 1112 613 nepotesve
1141 565 1222 614 ejus
1256 578 1417 601 morare-

132 619 155 639 “
171 616 267 652 tur.''
324 615 411 652 Hoc
429 616 617 664 proposito
637 616 775 659 edicto,
796 624 844 662 et,
865 616 927 665 qui
949 618 1118 663 aderant,
1146 617 1232 653 nexi
1253 617 1416 665 profiteri

130 667 318 716 extemplo
337 666 514 712 nomina3
561 675 599 704 et
628 668 795 716 undique
827 681 876 705 ex
909 670 986 705 tota
1017 669 1108 705 urbe
1129 669 1416 718 proripientium

130 732 169 756 se
188 732 236 756 ex
263 720 416 769 privato,
437 732 551 768 quum
575 720 763 756 retinendi
793 721 854 769 jus
873 721 1050 757 creditori
1080 734 1155 758 non
1185 729 1297 765 esset,
1328 734 1417 758 con-

34 772 35 775 ’
87 787 117 812 ιο
130 774 262 808 cursus
282 772 319 808 in
351 772 486 815 forum,
516 780 557 808 ut
585 780 823 809 sacramento
852 774 1037 819 dicerent,
1058 773 1150 809 fieri.
1210 773 1352 822 Magna
1371 786 1417 810 ea

130 836 264 860 manus
285 824 380 868 fuitr,
410 836 532 872 neque
552 825 708 861 aliorum
729 825 850 874 magis
879 825 918 861 in
954 825 1092 862 Volsco
1112 826 1210 863 bello
1229 826 1345 863 virtus
1365 833 1417 862 at-

128 886 201 924 que
220 889 334 925 opera
351 876 497 913 enituit.
554 903 718 913 .....

146 958 392 992 Ῑοᾼε.ῐκν.κιῐ“ι.
417 959 650 991 Volscipellmttur.
669 960 761 984 Suessa
772 960 892 985 Pometia
900 961 1012 992 capitur.
1032 961 1141 985 Bellum
1154 961 1274 986 Sabinum
1282 951 1414 987 ἰιοοιειιτιῖιὶι

176 991 292 1016 auditum
300 993 503 1024 perfectumque.
537 992 658 1016 Aurunci
663 992 743 1025 fusi-J

179 1036 353 1073 XXVII.
401 1036 513 1074 Fusis
550 1037 758 1083 Auruncis,
796 1037 913 1073 victor
943 1044 996 1074 tot
1033 1037 1130 1074 intra
1161 1050 1302 1086 paucos
1332 1039 1413 1076 dies

126 1088 234 1125 bellis
253 1088 452 1125 Romanus
471 1089 652 1137 promissa
665 1089 830 1126 consulis
847 1089 1033 1138 fidemque
1049 1092 1200 1126 senatus
1215 1099 1414 1139 exspecta-

83 1155 114 1180 15
127 1140 214 1177 bat:
257 1154 372 1189 quum
394 1141 554 1190 Appius,
575 1148 613 1178 et
631 1142 745 1178 insita
764 1142 938 1189 superbiai
960 1142 1099 1189 animo,
1129 1149 1166 1178 et
1196 1150 1235 1179 ut
1256 1144 1412 1193 collegae

127 1205 260 1229 vanarn
282 1193 422 1230 faceret
440 1193 565 1239 fidem,
587 1194 697 1241 quam
718 1195 921 1242 asperrime
940 1201 1097 1242 poterat,
1115 1195 1176 1243 jus
1192 1195 1238 1231 de
1259 1196 1413 1232 creditis

126 1245 299 1294 pecuniis
319 1246 471 1282 dicere:
515 1246 696 1294 deinceps
715 1253 771 1296 et,
785 1246 847 1294 qui
881 1247 967 1282 ante
1001 1247 1088 1282 nexi
1110 1247 1270 1294 fuerant,
1291 1248 1413 1284 credi-

125 1297 270 1333 toribus
287 1298 543 1343 tradebantur,
565 1305 602 1334 et
616 1299 866 1334 nectebantur
883 1299 958 1334 alii.
1013 1298 1131 1337 Quod
1152 1300 1215 1335 ubi
1235 1300 1297 1335 cui
1319 1300 1413 1336 mili-

126 1349 154 1385 ti
183 1349 381 1393 inciderat,
410 1350 594 1398 collegam
624 1351 856 1398 appellabat:
896 1363 1104 1387 concursus
1133 1352 1180 1387 ad
1210 1352 1411 1388 Servilium

80 1413 113 1438 20
128 1401 241 1437 fiebat
258 1414 264 1437 :
295 1401 394 1438 illius
409 1402 592 1450 promissa
605 1402 800 1450 jactabant
817 1415 826 1446 3
856 1402 908 1438 illi
929 1403 1205 1451 exprobrabant
1224 1417 1292 1440 sua
1311 1405 1413 1452 quis-

124 1465 197 1501 que
217 1453 304 1489 belli
324 1453 469 1496 merita,
486 1454 758 1502 cicatricesque
778 1462 954 1502 acceptas
972 1468 979 1490 z
1016 1456 1264 1503 postulabant,
1287 1464 1327 1492 ut
1347 1464 1411 1493 aut

124 1505 280 1541 referret
299 1506 344 1541 ad
365 1513 551 1548 senatum,
572 1513 635 1542 aut
654 1513 694 1542 ut
715 1506 855 1542 auxilio
874 1516 974 1542 esset
1000 1507 1131 1543 consul
1152 1508 1298 1544 civibus
1317 1509 1408 1551 suis,

124 1556 324 1605 imperator
344 1557 538 1594 militibus.
595 1557 802 1594 Movebant
834 1558 1029 1594 consulem
1060 1559 1163 1595 haec:
1203 1559 1269 1595 sed
1298 1560 1411 1609 tergi-

123 1609 262 1645 versari
282 1622 342 1646 res
360 1610 542 1658 cogebat;
589 1609 683 1646 ade&
717 1610 755 1646 iu
788 1610 944 1646 alteram
977 1623 1130 1647 causam
1164 1624 1239 1648 non
1262 1612 1410 1661 collega

78 1660 246 1698 25solum
266 1674 434 1710 praeceps
453 1662 558 1705 ierat,
579 1663 645 1698 sed
671 1662 794 1698 omnis
825 1662 938 1699 factio
958 1663 1163 1699 nobilium:
1208 1664 1271 1706 ita,
1293 1665 1410 1701 medi-

125 1725 188 1749 um
209 1725 248 1749 se
267 1713 448 1762 gerendo,
478 1726 550 1750 nec
569 1714 690 1762 plebis
721 1714 849 1750 vitavit
880 1715 1021 1760 odium,
1053 1728 1125 1751 nec
1159 1716 1258 1763 apud
1280 1716 1408 1753 Patres

123 1765 281 1814 gratiam
301 1766 397 1802 iniit.
454 1765 584 1802 Patres
602 1766 752 1802 mollem
773 1766 968 1803 consulem
988 1774 1026 1803 et
1051 1767 1290 1803 ambitiosum
1311 1768 1379 1804 rati
1397 1781 1407 1813 ;

123 1817 251 1865 plebes
280 1817 452 1854 fallacem
471 1831 479 1853 ε
527 1818 704 1866 brevique
741 1819 924 1866 apparuit,
964 1819 1130 1866 aequasse
1167 1832 1253 1855 eum
1292 1820 1407 1868 Appii

122 1869 264 1907 odium.
320 1870 524 1907 Certamen
544 1871 764 1906 consulibus
780 1871 978 1913 inciderat,
999 1878 1081 1907 uter
1096 1871 1290 1908 dedicaret
1307 1872 1407 1908 Mer-

79 1933 111 1959 30
124 1921 218 1958 curii
239 1922 372 1958 aedern.
429 1923 593 1959 Senatus
613 1935 635 1958 a
654 1935 693 1958 se
713 1935 791 1958 rem
813 1923 859 1958 ad
878 1923 1058 1971 populum
1071 1923 1224 1971 rejecit:
1254 1924 1326 1960 utri
1347 1937 1409 1961 eo-

123 1985 203 2010 rum
225 1974 414 2011 dedicatio
429 1975 538 2024 jussu
566 1974 690 2023 populi
723 1975 811 2010 data
842 1982 952 2020 esset,
984 1988 1070 2012 eum
1100 1988 1260 2023 praeesse
1294 1989 1409 2013 anno-

123 2037 195 2069 nae,
216 2034 467 2063 mercatorum
501 2027 702 2076 collegium
724 2027 932 2072 instituere,
954 2027 1125 2064 solennia
1144 2041 1210 2076 pro
1229 2028 1407 2075 pontifice

120 2077 230 2126 jussit
249 2078 451 2127 suscipere.
508 2079 673 2128 Populus
693 2079 971 2115 dedicationem
1003 2080 1093 2116 aedis
1123 2080 1185 2116 dat
1212 2080 1264 2116 M.
1287 2080 1408 2117 Lreto-

124 2129 190 2172 rio,
210 2130 320 2178 primi
339 2131 403 2180 pili
424 2132 659 2168 centurioni:
689 2132 787 2179 quod
810 2131 918 2167 facile
939 2139 1147 2180 appareret,
1168 2145 1242 2168 non
1265 2140 1339 2168 tarn
1360 2133 1406 2169 ad

79 2181 301 2219 ³5110norem
321 2183 416 2232 ejuS,
436 2184 498 2220 cui
527 2184 672 2220 curatio
692 2184 798 2220 altior
820 2184 967 2232 fastigio
998 2197 1065 2220 suo
1094 2184 1181 2220 data
1200 2192 1311 2228 esset,
1334 2185 1408 2221 fac-

123 2239 216 2279 tum,
235 2234 347 2282 quam
366 2236 412 2271 ad
445 2236 645 2272 consulum
678 2236 937 2285 ignominiam.
996 2236 1135 2272 Saevire
1169 2236 1257 2272 inde
1278 2237 1406 2286 utique

124 2286 323 2322 consulum
343 2287 434 2324 alter
459 2288 685 2336 Patresque:
724 2289 790 2324 sed
825 2288 922 2336 plebi
953 2295 1149 2324 creverant
1182 2289 1320 2333 animi3
1368 2297 1406 2325 et

123 2337 236 2386 longe
259 2338 341 2383 alia,
361 2338 473 2386 quam
494 2340 614 2389 primo
635 2341 887 2383 instituerant,
909 2341 965 2376 via
985 2341 1264 2388 grassabantur.
1313 2341 1407 2377 Des-

123 2397 251 2438 perato
271 2390 373 2426 enim
393 2393 589 2428 consulum
610 2393 840 2440 senatusque
868 2393 1018 2438 auxilio,
1043 2406 1157 2441 quum
1181 2393 1218 2429 in
1235 2394 1296 2441 jus
1317 2393 1404 2428 duci

79 2454 112 2478 40
124 2441 330 2479 debitorem
353 2443 544 2487 vidissent,
566 2445 731 2493 undique
752 2446 1002 2481 convolabant
1020 2459 1026 2481 :
1066 2458 1188 2492 neque
1209 2446 1404 2480 decretum

124 2495 292 2532 exaudiri
325 2495 490 2532 consulis
523 2509 598 2544 prae
620 2497 774 2546 strepitu
796 2505 832 2533 et
861 2498 1024 2533 clamore
1054 2504 1220 2546 poterat3
1268 2508 1403 2543 neque,
