<?xml version="1.0" encoding="UTF-8"?>
<!DOCTYPE html PUBLIC "-//W3C//DTD XHTML 1.0 Transitional//EN"
    "http://www.w3.org/TR/xhtml1/DTD/xhtml1-transitional.dtd">
<html xmlns="http://www.w3.org/1999/xhtml" xml:lang="en" lang="en">
 <head>
  <title>
</title>
<meta http-equiv="Content-Type" content="text/html;charset=utf-8" />
  <meta name='ocr-system' content='tesseract 3.04.00' />
  <meta name='ocr-capabilities' content='ocr_page ocr_carea ocr_par ocr_line ocrx_word'/>
</head>
<body>
  <div class='ocr_page' id='page_1' title='image "./historiarumliber00livyuoft_0137.png"; bbox 0 0 1617 2765; ppageno 0'>
   <div class='ocr_carea' id='block_1_1' title="bbox 532 192 1432 232">
    <p class='ocr_par' dir='ltr' id='par_1_1' title="bbox 532 192 1432 232">
     <span class='ocr_line' id='line_1_1' title="bbox 532 192 1432 232; baseline -0.003 -8"><span class='ocrx_word' id='word_1_1' title='bbox 532 193 669 224; x_wconf 86' lang='lat' dir='ltr'>LIBER</span> <span class='ocrx_word' id='word_1_2' title='bbox 691 192 732 222; x_wconf 84' lang='lat' dir='ltr'>V.</span> <span class='ocrx_word' id='word_1_3' title='bbox 778 201 859 223; x_wconf 79' lang='lat' dir='ltr'>CAP.</span> <span class='ocrx_word' id='word_1_4' title='bbox 877 201 1028 223; x_wconf 83' lang='lat' dir='ltr'>xxxvur.</span> <span class='ocrx_word' id='word_1_5' title='bbox 1358 194 1432 232; x_wconf 82' lang='lat'>119</span> 
     </span>
    </p>
   </div>
   <div class='ocr_carea' id='block_1_2' title="bbox 93 287 1431 1699">
    <p class='ocr_par' dir='ltr' id='par_1_2' title="bbox 141 287 1431 496">
     <span class='ocr_line' id='line_1_2' title="bbox 199 287 1431 336; baseline -0.002 -8"><span class='ocrx_word' id='word_1_6' title='bbox 199 290 415 328; x_wconf 86' lang='lat' dir='ltr'>XXXVII.</span> <span class='ocrx_word' id='word_1_7' title='bbox 442 289 577 329; x_wconf 79' lang='lat' dir='ltr'>Quum</span> <span class='ocrx_word' id='word_1_8' title='bbox 597 296 701 326; x_wconf 89' lang='lat' dir='ltr'>tanta</span> <span class='ocrx_word' id='word_1_9' title='bbox 720 288 838 326; x_wconf 85' lang='lat' dir='ltr'>moles</span> <span class='ocrx_word' id='word_1_10' title='bbox 857 288 944 325; x_wconf 89' lang='lat' dir='ltr'>mali</span> <span class='ocrx_word' id='word_1_11' title='bbox 967 288 1134 334; x_wconf 81' lang='lat' dir='ltr'><strong>instaret,</strong></span> <span class='ocrx_word' id='word_1_12' title='bbox 1175 287 1289 336; x_wconf 79' lang='lat' dir='ltr'>(adeo</span> <span class='ocrx_word' id='word_1_13' title='bbox 1309 289 1431 326; x_wconf 62' lang='lat' dir='ltr'>obcae-</span> 
     </span>
     <span class='ocr_line' id='line_1_3' title="bbox 141 340 1429 390; baseline -0.002 -9"><span class='ocrx_word' id='word_1_14' title='bbox 141 350 202 381; x_wconf 81' lang='lat' dir='ltr'>eat</span> <span class='ocrx_word' id='word_1_15' title='bbox 225 344 371 381; x_wconf 87' lang='lat' dir='ltr'>animos</span> <span class='ocrx_word' id='word_1_16' title='bbox 391 342 573 384; x_wconf 80' lang='lat' dir='ltr'>Fortuna,</span> <span class='ocrx_word' id='word_1_17' title='bbox 595 342 658 378; x_wconf 85' lang='lat' dir='ltr'>ubi</span> <span class='ocrx_word' id='word_1_18' title='bbox 676 341 748 378; x_wconf 78' lang='lat' dir='ltr'>vim</span> <span class='ocrx_word' id='word_1_19' title='bbox 771 354 876 377; x_wconf 91' lang='lat' dir='ltr'>suam</span> <span class='ocrx_word' id='word_1_20' title='bbox 910 341 1148 390; x_wconf 82' lang='lat' dir='ltr'>ingruentem</span> <span class='ocrx_word' id='word_1_21' title='bbox 1180 340 1334 389; x_wconf 76' lang='lat' dir='ltr'><strong>refringi</strong></span> <span class='ocrx_word' id='word_1_22' title='bbox 1356 355 1429 379; x_wconf 89' lang='lat' dir='ltr'>non</span> 
     </span>
     <span class='ocr_line' id='line_1_4' title="bbox 143 393 1431 444; baseline 0 -13"><span class='ocrx_word' id='word_1_23' title='bbox 143 398 236 444; x_wconf 83' lang='lat' dir='ltr'>vult)</span> <span class='ocrx_word' id='word_1_24' title='bbox 257 395 402 440; x_wconf 79' lang='lat' dir='ltr'>civitas,</span> <span class='ocrx_word' id='word_1_25' title='bbox 423 407 504 442; x_wconf 74' lang='lat' dir='ltr'>qua:</span> <span class='ocrx_word' id='word_1_26' title='bbox 525 394 704 430; x_wconf 79' lang='lat' dir='ltr'>adversus</span> <span class='ocrx_word' id='word_1_27' title='bbox 726 393 949 430; x_wconf 80' lang='lat' dir='ltr'>Fidenatem</span> <span class='ocrx_word' id='word_1_28' title='bbox 985 406 1030 430; x_wconf 89' lang='lat' dir='ltr'>ac</span> <span class='ocrx_word' id='word_1_29' title='bbox 1062 393 1263 442; x_wconf 86' lang='lat' dir='ltr'>Vejentem</span> <span class='ocrx_word' id='word_1_30' title='bbox 1285 393 1431 431; x_wconf 80' lang='lat' dir='ltr'>hostem</span> 
     </span>
     <span class='ocr_line' id='line_1_5' title="bbox 143 444 1431 496; baseline -0.001 -12"><span class='ocrx_word' id='word_1_31' title='bbox 143 448 307 496; x_wconf 87' lang='lat' dir='ltr'>aliosque</span> <span class='ocrx_word' id='word_1_32' title='bbox 328 447 507 483; x_wconf 85' lang='lat' dir='ltr'>finitimos</span> <span class='ocrx_word' id='word_1_33' title='bbox 526 447 695 495; x_wconf 87' lang='lat' dir='ltr'>populos,</span> <span class='ocrx_word' id='word_1_34' title='bbox 717 446 849 482; x_wconf 89' lang='lat' dir='ltr'>ultima</span> <span class='ocrx_word' id='word_1_35' title='bbox 881 446 1079 494; x_wconf 86' lang='lat' dir='ltr'>experiens</span> <span class='ocrx_word' id='word_1_36' title='bbox 1100 444 1252 490; x_wconf 84' lang='lat' dir='ltr'>auxilia,</span> <span class='ocrx_word' id='word_1_37' title='bbox 1274 445 1431 483; x_wconf 89' lang='lat' dir='ltr'>dictato-</span> 
     </span>
    </p>

    <p class='ocr_par' dir='ltr' id='par_1_3' title="bbox 112 497 1431 757">
     <span class='ocr_line' id='line_1_6' title="bbox 112 497 1430 548; baseline 0 -13"><span class='ocrx_word' id='word_1_38' title='bbox 112 511 128 535; x_wconf 85' lang='lat'><strong>5</strong></span> <span class='ocrx_word' id='word_1_39' title='bbox 143 512 219 536; x_wconf 90' lang='lat' dir='ltr'>rem</span> <span class='ocrx_word' id='word_1_40' title='bbox 242 499 368 536; x_wconf 85' lang='lat' dir='ltr'>multis</span> <span class='ocrx_word' id='word_1_41' title='bbox 387 499 674 548; x_wconf 75' lang='lat' dir='ltr'>tempestatibus</span> <span class='ocrx_word' id='word_1_42' title='bbox 694 499 876 543; x_wconf 79' lang='lat' dir='ltr'>dixisset,-</span> <span class='ocrx_word' id='word_1_43' title='bbox 920 511 965 534; x_wconf 91' lang='lat' dir='ltr'>ea</span> <span class='ocrx_word' id='word_1_44' title='bbox 985 506 1090 543; x_wconf 92' lang='lat' dir='ltr'>tunc,</span> <span class='ocrx_word' id='word_1_45' title='bbox 1111 497 1300 534; x_wconf 86' lang='lat' dir='ltr'>invisitato</span> <span class='ocrx_word' id='word_1_46' title='bbox 1320 505 1430 546; x_wconf 89' lang='lat' dir='ltr'>atque</span> 
     </span>
     <span class='ocr_line' id='line_1_7' title="bbox 142 549 1429 598; baseline -0.001 -10"><span class='ocrx_word' id='word_1_47' title='bbox 142 552 311 588; x_wconf 89' lang='lat' dir='ltr'>inaudito</span> <span class='ocrx_word' id='word_1_48' title='bbox 332 551 436 588; x_wconf 92' lang='lat' dir='ltr'>hoste</span> <span class='ocrx_word' id='word_1_49' title='bbox 457 551 504 587; x_wconf 90' lang='lat' dir='ltr'>ab</span> <span class='ocrx_word' id='word_1_50' title='bbox 533 551 694 587; x_wconf 84' lang='lat' dir='ltr'>Oceano</span> <span class='ocrx_word' id='word_1_51' title='bbox 728 558 986 598; x_wconf 85' lang='lat' dir='ltr'>terrarumque</span> <span class='ocrx_word' id='word_1_52' title='bbox 1017 550 1160 587; x_wconf 75' lang='lat' dir='ltr'>ultimis</span> <span class='ocrx_word' id='word_1_53' title='bbox 1188 549 1263 586; x_wconf 90' lang='lat' dir='ltr'>oris</span> <span class='ocrx_word' id='word_1_54' title='bbox 1290 549 1429 587; x_wconf 87' lang='lat' dir='ltr'>bellum</span> 
     </span>
     <span class='ocr_line' id='line_1_8' title="bbox 141 602 1431 652; baseline -0.001 -12"><span class='ocrx_word' id='word_1_55' title='bbox 141 605 278 649; x_wconf 82' lang='lat' dir='ltr'>ciente,</span> <span class='ocrx_word' id='word_1_56' title='bbox 301 603 392 640; x_wconf 84' lang='lat' dir='ltr'>nihil</span> <span class='ocrx_word' id='word_1_57' title='bbox 412 603 699 640; x_wconf 80' lang='lat' dir='ltr'>extraordinarii</span> <span class='ocrx_word' id='word_1_58' title='bbox 718 603 864 652; x_wconf 89' lang='lat' dir='ltr'>imperii</span> <span class='ocrx_word' id='word_1_59' title='bbox 886 611 949 639; x_wconf 89' lang='lat' dir='ltr'>aut</span> <span class='ocrx_word' id='word_1_60' title='bbox 970 603 1098 639; x_wconf 85' lang='lat' dir='ltr'>auxilii</span> <span class='ocrx_word' id='word_1_61' title='bbox 1120 602 1301 651; x_wconf 82' lang='lat' dir='ltr'>quaesivit.</span> <span class='ocrx_word' id='word_1_62' title='bbox 1343 602 1431 639; x_wconf 90' lang='lat' dir='ltr'>Tri-</span> 
     </span>
     <span class='ocr_line' id='line_1_9' title="bbox 143 655 1430 704; baseline 0.001 -13"><span class='ocrx_word' id='word_1_63' title='bbox 143 656 245 701; x_wconf 90' lang='lat' dir='ltr'>buni,</span> <span class='ocrx_word' id='word_1_64' title='bbox 272 669 429 704; x_wconf 89' lang='lat' dir='ltr'>quorum</span> <span class='ocrx_word' id='word_1_65' title='bbox 459 656 670 692; x_wconf 86' lang='lat' dir='ltr'>temeritate</span> <span class='ocrx_word' id='word_1_66' title='bbox 706 655 843 692; x_wconf 90' lang='lat' dir='ltr'>bellum</span> <span class='ocrx_word' id='word_1_67' title='bbox 876 662 1113 692; x_wconf 88' lang='lat' dir='ltr'>contractum</span> <span class='ocrx_word' id='word_1_68' title='bbox 1148 662 1238 700; x_wconf 87' lang='lat' dir='ltr'>erat,</span> <span class='ocrx_word' id='word_1_69' title='bbox 1272 668 1430 692; x_wconf 75' lang='lat' dir='ltr'>summae</span> 
     </span>
     <span class='ocr_line' id='line_1_10' title="bbox 141 707 1430 757; baseline 0 -13"><span class='ocrx_word' id='word_1_70' title='bbox 141 715 506 757; x_wconf 64' lang='lat' dir='ltr'>rerunrpraeerant:</span> <span class='ocrx_word' id='word_1_71' title='bbox 553 708 818 756; x_wconf 81' lang='lat' dir='ltr'>delectumque</span> <span class='ocrx_word' id='word_1_72' title='bbox 854 708 972 745; x_wconf 90' lang='lat' dir='ltr'>nihilo</span> <span class='ocrx_word' id='word_1_73' title='bbox 1002 707 1288 753; x_wconf 79' lang='lat' dir='ltr'>accuratiorem,</span> <span class='ocrx_word' id='word_1_74' title='bbox 1316 707 1430 755; x_wconf 70' lang='lat' dir='ltr'>quam</span> 
     </span>
    </p>

    <p class='ocr_par' dir='ltr' id='par_1_4' title="bbox 99 759 1431 1017">
     <span class='ocr_line' id='line_1_11' title="bbox 99 759 1430 809; baseline 0 -13"><span class='ocrx_word' id='word_1_75' title='bbox 99 771 127 796; x_wconf 88' lang='lat'>10</span> <span class='ocrx_word' id='word_1_76' title='bbox 142 761 186 796; x_wconf 89' lang='lat' dir='ltr'>ad</span> <span class='ocrx_word' id='word_1_77' title='bbox 209 761 333 797; x_wconf 87' lang='lat' dir='ltr'>media</span> <span class='ocrx_word' id='word_1_78' title='bbox 353 761 449 797; x_wconf 87' lang='lat' dir='ltr'>bella</span> <span class='ocrx_word' id='word_1_79' title='bbox 469 760 597 796; x_wconf 91' lang='lat' dir='ltr'>haberi</span> <span class='ocrx_word' id='word_1_80' title='bbox 619 760 750 796; x_wconf 84' lang='lat' dir='ltr'>solitus</span> <span class='ocrx_word' id='word_1_81' title='bbox 768 768 858 806; x_wconf 82' lang='lat' dir='ltr'>erat,</span> <span class='ocrx_word' id='word_1_82' title='bbox 877 760 1146 809; x_wconf 79' lang='lat' dir='ltr'>(extenuantes</span> <span class='ocrx_word' id='word_1_83' title='bbox 1162 759 1274 796; x_wconf 85' lang='lat' dir='ltr'>etiam</span> <span class='ocrx_word' id='word_1_84' title='bbox 1294 759 1430 796; x_wconf 88' lang='lat' dir='ltr'>samam</span> 
     </span>
     <span class='ocr_line' id='line_1_12' title="bbox 142 812 1431 862; baseline 0.001 -14"><span class='ocrx_word' id='word_1_85' title='bbox 142 813 248 862; x_wconf 85' lang='lat' dir='ltr'>belli)</span> <span class='ocrx_word' id='word_1_86' title='bbox 280 813 480 850; x_wconf 83' lang='lat' dir='ltr'>habebant.</span> <span class='ocrx_word' id='word_1_87' title='bbox 548 812 704 848; x_wconf 88' lang='lat' dir='ltr'>Interim</span> <span class='ocrx_word' id='word_1_88' title='bbox 735 813 846 858; x_wconf 88' lang='lat' dir='ltr'>Galli,</span> <span class='ocrx_word' id='word_1_89' title='bbox 879 821 1074 861; x_wconf 86' lang='lat' dir='ltr'>postquam</span> <span class='ocrx_word' id='word_1_90' title='bbox 1109 813 1304 860; x_wconf 56' lang='lat' dir='ltr'>accepere,</span> <span class='ocrx_word' id='word_1_91' title='bbox 1336 812 1431 849; x_wconf 88' lang='lat' dir='ltr'>ultro</span> 
     </span>
     <span class='ocr_line' id='line_1_13' title="bbox 143 864 1431 914; baseline -0.001 -13"><span class='ocrx_word' id='word_1_92' title='bbox 143 865 322 901; x_wconf 80' lang='lat' dir='ltr'>honorem</span> <span class='ocrx_word' id='word_1_93' title='bbox 359 865 527 902; x_wconf 87' lang='lat' dir='ltr'>habitum</span> <span class='ocrx_word' id='word_1_94' title='bbox 555 865 796 901; x_wconf 80' lang='lat' dir='ltr'>violatoribus</span> <span class='ocrx_word' id='word_1_95' title='bbox 821 865 917 914; x_wconf 83' lang='lat' dir='ltr'>juris</span> <span class='ocrx_word' id='word_1_96' title='bbox 946 865 1115 911; x_wconf 87' lang='lat' dir='ltr'>humani,</span> <span class='ocrx_word' id='word_1_97' title='bbox 1141 864 1359 912; x_wconf 83' lang='lat' dir='ltr'>elusamque</span> <span class='ocrx_word' id='word_1_98' title='bbox 1380 865 1431 900; x_wconf 92' lang='lat' dir='ltr'>le-</span> 
     </span>
     <span class='ocr_line' id='line_1_14' title="bbox 140 917 1429 966; baseline 0 -13"><span class='ocrx_word' id='word_1_99' title='bbox 140 918 330 965; x_wconf 82' lang='lat' dir='ltr'>gationem</span> <span class='ocrx_word' id='word_1_100' title='bbox 352 930 457 953; x_wconf 88' lang='lat' dir='ltr'>suam</span> <span class='ocrx_word' id='word_1_101' title='bbox 478 930 572 962; x_wconf 88' lang='lat' dir='ltr'>esse,</span> <span class='ocrx_word' id='word_1_102' title='bbox 596 917 797 965; x_wconf 82' lang='lat' dir='ltr'>flagrantes</span> <span class='ocrx_word' id='word_1_103' title='bbox 817 918 885 960; x_wconf 77' lang='lat' dir='ltr'>ira,</span> <span class='ocrx_word' id='word_1_104' title='bbox 917 917 1026 966; x_wconf 86' lang='lat' dir='ltr'>cujus</span> <span class='ocrx_word' id='word_1_105' title='bbox 1046 918 1232 965; x_wconf 89' lang='lat' dir='ltr'>impotens</span> <span class='ocrx_word' id='word_1_106' title='bbox 1247 924 1304 953; x_wconf 90' lang='lat' dir='ltr'>est</span> <span class='ocrx_word' id='word_1_107' title='bbox 1322 930 1429 966; x_wconf 83' lang='lat' dir='ltr'>gens,</span> 
     </span>
     <span class='ocr_line' id='line_1_15' title="bbox 141 969 1429 1017; baseline 0.001 -13"><span class='ocrx_word' id='word_1_108' title='bbox 141 969 342 1005; x_wconf 78' lang='lat' dir='ltr'>confestim</span> <span class='ocrx_word' id='word_1_109' title='bbox 372 969 492 1017; x_wconf 86' lang='lat' dir='ltr'>signis</span> <span class='ocrx_word' id='word_1_110' title='bbox 511 969 715 1016; x_wconf 73' lang='lat' dir='ltr'>convulsis,</span> <span class='ocrx_word' id='word_1_111' title='bbox 745 970 860 1005; x_wconf 88' lang='lat' dir='ltr'>citato</span> <span class='ocrx_word' id='word_1_112' title='bbox 890 970 1042 1017; x_wconf 81' lang='lat' dir='ltr'>agmine</span> <span class='ocrx_word' id='word_1_113' title='bbox 1064 969 1131 1005; x_wconf 88' lang='lat' dir='ltr'>iter</span> <span class='ocrx_word' id='word_1_114' title='bbox 1152 969 1429 1017; x_wconf 84' lang='lat' dir='ltr'>ingrediuntur.</span> 
     </span>
    </p>

    <p class='ocr_par' dir='ltr' id='par_1_5' title="bbox 97 1020 1431 1278">
     <span class='ocr_line' id='line_1_16' title="bbox 97 1020 1431 1069; baseline 0.001 -13"><span class='ocrx_word' id='word_1_115' title='bbox 97 1032 125 1056; x_wconf 83' lang='lat'>15</span> <span class='ocrx_word' id='word_1_116' title='bbox 141 1021 203 1056; x_wconf 89' lang='lat' dir='ltr'>Ad</span> <span class='ocrx_word' id='word_1_117' title='bbox 223 1032 382 1068; x_wconf 88' lang='lat' dir='ltr'>quorum</span> <span class='ocrx_word' id='word_1_118' title='bbox 402 1020 711 1068; x_wconf 78' lang='lat' dir='ltr'>praetereuntium</span> <span class='ocrx_word' id='word_1_119' title='bbox 739 1021 872 1069; x_wconf 83' lang='lat' dir='ltr'>raptim</span> <span class='ocrx_word' id='word_1_120' title='bbox 906 1021 1109 1057; x_wconf 89' lang='lat' dir='ltr'>tumultum</span> <span class='ocrx_word' id='word_1_121' title='bbox 1141 1033 1254 1068; x_wconf 91' lang='lat' dir='ltr'>quum</span> <span class='ocrx_word' id='word_1_122' title='bbox 1276 1022 1431 1058; x_wconf 82' lang='lat' dir='ltr'>exterri-</span> 
     </span>
     <span class='ocr_line' id='line_1_17' title="bbox 139 1072 1428 1122; baseline 0.001 -13"><span class='ocrx_word' id='word_1_123' title='bbox 139 1081 186 1109; x_wconf 78' lang='lat' dir='ltr'>tae</span> <span class='ocrx_word' id='word_1_124' title='bbox 216 1073 328 1109; x_wconf 89' lang='lat' dir='ltr'>urbes</span> <span class='ocrx_word' id='word_1_125' title='bbox 355 1073 401 1109; x_wconf 89' lang='lat' dir='ltr'>ad</span> <span class='ocrx_word' id='word_1_126' title='bbox 432 1085 536 1109; x_wconf 84' lang='lat' dir='ltr'>arma</span> <span class='ocrx_word' id='word_1_127' title='bbox 564 1081 848 1116; x_wconf 87' lang='lat' dir='ltr'>concurrerent,</span> <span class='ocrx_word' id='word_1_128' title='bbox 879 1072 1040 1121; x_wconf 81' lang='lat' dir='ltr'>fugaque</span> <span class='ocrx_word' id='word_1_129' title='bbox 1070 1072 1275 1122; x_wconf 83' lang='lat' dir='ltr'>agrestium</span> <span class='ocrx_word' id='word_1_130' title='bbox 1313 1073 1428 1119; x_wconf 77' lang='lat' dir='ltr'>fieret,</span> 
     </span>
     <span class='ocr_line' id='line_1_18' title="bbox 140 1125 1429 1174; baseline 0.001 -13"><span class='ocrx_word' id='word_1_131' title='bbox 140 1125 306 1161; x_wconf 87' lang='lat' dir='ltr'>Romam</span> <span class='ocrx_word' id='word_1_132' title='bbox 325 1137 365 1161; x_wconf 90' lang='lat' dir='ltr'>se</span> <span class='ocrx_word' id='word_1_133' title='bbox 396 1125 462 1171; x_wconf 88' lang='lat' dir='ltr'>ire,</span> <span class='ocrx_word' id='word_1_134' title='bbox 492 1137 630 1174; x_wconf 85' lang='lat' dir='ltr'>magno</span> <span class='ocrx_word' id='word_1_135' title='bbox 660 1125 824 1162; x_wconf 86' lang='lat' dir='ltr'>clamore</span> <span class='ocrx_word' id='word_1_136' title='bbox 858 1125 1148 1174; x_wconf 81' lang='lat' dir='ltr'>significabant3</span> <span class='ocrx_word' id='word_1_137' title='bbox 1191 1127 1429 1174; x_wconf 69' lang='lat' dir='ltr'>quacumque</span> 
     </span>
     <span class='ocr_line' id='line_1_19' title="bbox 139 1177 1429 1226; baseline 0.002 -13"><span class='ocrx_word' id='word_1_138' title='bbox 139 1177 256 1222; x_wconf 82' lang='lat' dir='ltr'>ibant,</span> <span class='ocrx_word' id='word_1_139' title='bbox 277 1177 383 1225; x_wconf 91' lang='lat' dir='ltr'>equis</span> <span class='ocrx_word' id='word_1_140' title='bbox 413 1177 572 1225; x_wconf 86' lang='lat' dir='ltr'>virisque</span> <span class='ocrx_word' id='word_1_141' title='bbox 595 1177 703 1226; x_wconf 68' lang='lat' dir='ltr'>longe</span> <span class='ocrx_word' id='word_1_142' title='bbox 738 1191 782 1214; x_wconf 89' lang='lat' dir='ltr'>ac</span> <span class='ocrx_word' id='word_1_143' title='bbox 813 1178 885 1214; x_wconf 67' lang='lat' dir='ltr'>late</span> <span class='ocrx_word' id='word_1_144' title='bbox 918 1178 1000 1214; x_wconf 88' lang='lat' dir='ltr'>suso</span> <span class='ocrx_word' id='word_1_145' title='bbox 1019 1177 1171 1226; x_wconf 80' lang='lat' dir='ltr'>agmine</span> <span class='ocrx_word' id='word_1_146' title='bbox 1201 1178 1429 1215; x_wconf 90' lang='lat' dir='ltr'>immensum</span> 
     </span>
     <span class='ocr_line' id='line_1_20' title="bbox 140 1229 1430 1278; baseline 0.002 -13"><span class='ocrx_word' id='word_1_147' title='bbox 140 1229 355 1266; x_wconf 86' lang='lat' dir='ltr'>obtinentes</span> <span class='ocrx_word' id='word_1_148' title='bbox 375 1229 460 1266; x_wconf 92' lang='lat' dir='ltr'>loci.</span> <span class='ocrx_word' id='word_1_149' title='bbox 519 1230 609 1272; x_wconf 86' lang='lat' dir='ltr'>Sed,</span> <span class='ocrx_word' id='word_1_150' title='bbox 644 1231 896 1266; x_wconf 85' lang='lat' dir='ltr'>antecedente</span> <span class='ocrx_word' id='word_1_151' title='bbox 931 1230 1030 1266; x_wconf 71' lang='lat' dir='ltr'>fama</span> <span class='ocrx_word' id='word_1_152' title='bbox 1060 1230 1278 1278; x_wconf 83' lang='lat' dir='ltr'>nuntiisque</span> <span class='ocrx_word' id='word_1_153' title='bbox 1308 1231 1430 1267; x_wconf 79' lang='lat' dir='ltr'>Clust-</span> 
     </span>
    </p>

    <p class='ocr_par' dir='ltr' id='par_1_6' title="bbox 94 1281 1431 1538">
     <span class='ocr_line' id='line_1_21' title="bbox 94 1281 1431 1331; baseline 0.001 -14"><span class='ocrx_word' id='word_1_154' title='bbox 94 1292 288 1328; x_wconf 71' lang='lat' dir='ltr'>eonorum,</span> <span class='ocrx_word' id='word_1_155' title='bbox 309 1281 490 1330; x_wconf 83' lang='lat' dir='ltr'>deinceps</span> <span class='ocrx_word' id='word_1_156' title='bbox 511 1282 598 1318; x_wconf 90' lang='lat' dir='ltr'>inde</span> <span class='ocrx_word' id='word_1_157' title='bbox 626 1282 784 1319; x_wconf 87' lang='lat' dir='ltr'>aliorum</span> <span class='ocrx_word' id='word_1_158' title='bbox 815 1283 1050 1331; x_wconf 87' lang='lat' dir='ltr'>populorum,</span> <span class='ocrx_word' id='word_1_159' title='bbox 1084 1282 1286 1331; x_wconf 84' lang='lat' dir='ltr'>plurimum</span> <span class='ocrx_word' id='word_1_160' title='bbox 1317 1290 1431 1320; x_wconf 86' lang='lat' dir='ltr'>terro-</span> 
     </span>
     <span class='ocr_line' id='line_1_22' title="bbox 140 1334 1430 1384; baseline 0.002 -14"><span class='ocrx_word' id='word_1_161' title='bbox 140 1334 191 1370; x_wconf 85' lang='lat' dir='ltr'>ris</span> <span class='ocrx_word' id='word_1_162' title='bbox 228 1334 392 1370; x_wconf 86' lang='lat' dir='ltr'>Romam</span> <span class='ocrx_word' id='word_1_163' title='bbox 422 1334 596 1370; x_wconf 89' lang='lat' dir='ltr'>celeritas</span> <span class='ocrx_word' id='word_1_164' title='bbox 632 1335 794 1371; x_wconf 88' lang='lat' dir='ltr'>hostium</span> <span class='ocrx_word' id='word_1_165' title='bbox 829 1335 939 1379; x_wconf 79' lang='lat' dir='ltr'>tulit3</span> <span class='ocrx_word' id='word_1_166' title='bbox 987 1336 1123 1384; x_wconf 88' lang='lat' dir='ltr'>quippe</span> <span class='ocrx_word' id='word_1_167' title='bbox 1152 1335 1299 1383; x_wconf 87' lang='lat' dir='ltr'>quibus,</span> <span class='ocrx_word' id='word_1_168' title='bbox 1331 1336 1430 1372; x_wconf 83' lang='lat' dir='ltr'>velut</span> 
     </span>
     <span class='ocr_line' id='line_1_23' title="bbox 140 1386 1428 1437; baseline 0.002 -15"><span class='ocrx_word' id='word_1_169' title='bbox 140 1386 384 1422; x_wconf 87' lang='lat' dir='ltr'>tumultuario</span> <span class='ocrx_word' id='word_1_170' title='bbox 413 1386 583 1423; x_wconf 81' lang='lat' dir='ltr'>exercitu</span> <span class='ocrx_word' id='word_1_171' title='bbox 614 1387 745 1435; x_wconf 87' lang='lat' dir='ltr'>raptim</span> <span class='ocrx_word' id='word_1_172' title='bbox 789 1388 917 1434; x_wconf 90' lang='lat' dir='ltr'>ducto,</span> <span class='ocrx_word' id='word_1_173' title='bbox 961 1388 1058 1437; x_wconf 66' lang='lat' dir='ltr'>:egre</span> <span class='ocrx_word' id='word_1_174' title='bbox 1100 1388 1146 1424; x_wconf 86' lang='lat' dir='ltr'>ad</span> <span class='ocrx_word' id='word_1_175' title='bbox 1181 1388 1428 1425; x_wconf 89' lang='lat' dir='ltr'>undecimum</span> 
     </span>
     <span class='ocr_line' id='line_1_24' title="bbox 140 1438 1430 1487; baseline 0.002 -13"><span class='ocrx_word' id='word_1_176' title='bbox 140 1438 302 1486; x_wconf 78' lang='lat' dir='ltr'>lapidem</span> <span class='ocrx_word' id='word_1_177' title='bbox 323 1451 523 1476; x_wconf 85' lang='lat' dir='ltr'>occursum</span> <span class='ocrx_word' id='word_1_178' title='bbox 544 1447 611 1484; x_wconf 89' lang='lat' dir='ltr'>est,</span> <span class='ocrx_word' id='word_1_179' title='bbox 633 1442 704 1487; x_wconf 70' lang='lat' dir='ltr'>qua</span> <span class='ocrx_word' id='word_1_180' title='bbox 727 1439 866 1476; x_wconf 79' lang='lat' dir='ltr'>flumen</span> <span class='ocrx_word' id='word_1_181' title='bbox 902 1440 1017 1483; x_wconf 84' lang='lat' dir='ltr'>Allia,</span> <span class='ocrx_word' id='word_1_182' title='bbox 1049 1440 1306 1477; x_wconf 86' lang='lat' dir='ltr'>Crustuminis</span> <span class='ocrx_word' id='word_1_183' title='bbox 1326 1454 1430 1477; x_wconf 93' lang='lat' dir='ltr'>mon-</span> 
     </span>
     <span class='ocr_line' id='line_1_25' title="bbox 139 1490 1430 1538; baseline 0.002 -12"><span class='ocrx_word' id='word_1_184' title='bbox 139 1490 238 1526; x_wconf 90' lang='lat' dir='ltr'>tibus</span> <span class='ocrx_word' id='word_1_185' title='bbox 258 1491 409 1538; x_wconf 80' lang='lat' dir='ltr'>praealto</span> <span class='ocrx_word' id='word_1_186' title='bbox 429 1491 602 1527; x_wconf 81' lang='lat' dir='ltr'>defluens</span> <span class='ocrx_word' id='word_1_187' title='bbox 622 1492 739 1535; x_wconf 80' lang='lat' dir='ltr'>alveo,</span> <span class='ocrx_word' id='word_1_188' title='bbox 775 1492 874 1528; x_wconf 89' lang='lat' dir='ltr'>haud</span> <span class='ocrx_word' id='word_1_189' title='bbox 896 1492 1054 1529; x_wconf 79' lang='lat' dir='ltr'>multum</span> <span class='ocrx_word' id='word_1_190' title='bbox 1077 1492 1173 1529; x_wconf 83' lang='lat' dir='ltr'>infra</span> <span class='ocrx_word' id='word_1_191' title='bbox 1194 1493 1290 1529; x_wconf 78' lang='lat' dir='ltr'>viam</span> <span class='ocrx_word' id='word_1_192' title='bbox 1312 1493 1430 1529; x_wconf 89' lang='lat' dir='ltr'>Tibe-</span> 
     </span>
    </p>

    <p class='ocr_par' dir='ltr' id='par_1_7' title="bbox 93 1543 1428 1699">
     <span class='ocr_line' id='line_1_26' title="bbox 93 1543 1428 1593; baseline 0.002 -14"><span class='ocrx_word' id='word_1_193' title='bbox 93 1543 222 1579; x_wconf 80' lang='lat' dir='ltr'>·25rino</span> <span class='ocrx_word' id='word_1_194' title='bbox 241 1543 342 1580; x_wconf 90' lang='lat' dir='ltr'>amni</span> <span class='ocrx_word' id='word_1_195' title='bbox 373 1543 562 1580; x_wconf 86' lang='lat' dir='ltr'>miscetur.</span> <span class='ocrx_word' id='word_1_196' title='bbox 620 1543 705 1580; x_wconf 88' lang='lat' dir='ltr'>Jam</span> <span class='ocrx_word' id='word_1_197' title='bbox 739 1545 867 1581; x_wconf 87' lang='lat' dir='ltr'>omnia</span> <span class='ocrx_word' id='word_1_198' title='bbox 895 1544 1029 1581; x_wconf 67' lang='lat' dir='ltr'>contra</span> <span class='ocrx_word' id='word_1_199' title='bbox 1057 1543 1236 1593; x_wconf 69' lang='lat' dir='ltr'>circaque</span> <span class='ocrx_word' id='word_1_200' title='bbox 1266 1545 1428 1582; x_wconf 86' lang='lat' dir='ltr'>hostium</span> 
     </span>
     <span class='ocr_line' id='line_1_27' title="bbox 139 1595 1428 1646; baseline 0.004 -16"><span class='ocrx_word' id='word_1_201' title='bbox 139 1595 250 1643; x_wconf 88' lang='lat' dir='ltr'>plena</span> <span class='ocrx_word' id='word_1_202' title='bbox 269 1603 402 1641; x_wconf 88' lang='lat' dir='ltr'>erant;</span> <span class='ocrx_word' id='word_1_203' title='bbox 445 1603 483 1632; x_wconf 87' lang='lat' dir='ltr'>et</span> <span class='ocrx_word' id='word_1_204' title='bbox 515 1604 603 1633; x_wconf 86' lang='lat' dir='ltr'>nata</span> <span class='ocrx_word' id='word_1_205' title='bbox 636 1597 673 1633; x_wconf 91' lang='lat' dir='ltr'>in</span> <span class='ocrx_word' id='word_1_206' title='bbox 704 1610 818 1633; x_wconf 78' lang='lat' dir='ltr'>vanos</span> <span class='ocrx_word' id='word_1_207' title='bbox 847 1598 1030 1634; x_wconf 88' lang='lat' dir='ltr'>tumultus</span> <span class='ocrx_word' id='word_1_208' title='bbox 1049 1610 1157 1646; x_wconf 69' lang='lat' dir='ltr'>getis,</span> <span class='ocrx_word' id='word_1_209' title='bbox 1187 1598 1284 1634; x_wconf 89' lang='lat' dir='ltr'>truci</span> <span class='ocrx_word' id='word_1_210' title='bbox 1314 1606 1428 1635; x_wconf 87' lang='lat' dir='ltr'>cantu</span> 
     </span>
     <span class='ocr_line' id='line_1_28' title="bbox 139 1647 1428 1699; baseline 0.005 -17"><span class='ocrx_word' id='word_1_211' title='bbox 139 1647 444 1696; x_wconf 86' lang='lat' dir='ltr'>clamoribusque</span> <span class='ocrx_word' id='word_1_212' title='bbox 476 1649 598 1695; x_wconf 82' lang='lat' dir='ltr'>variis,</span> <span class='ocrx_word' id='word_1_213' title='bbox 634 1649 822 1687; x_wconf 89' lang='lat' dir='ltr'>horrendo</span> <span class='ocrx_word' id='word_1_214' title='bbox 842 1657 984 1686; x_wconf 84' lang='lat' dir='ltr'>cuncta</span> <span class='ocrx_word' id='word_1_215' title='bbox 1012 1650 1294 1699; x_wconf 83' lang='lat' dir='ltr'>compleverant</span> <span class='ocrx_word' id='word_1_216' title='bbox 1323 1664 1428 1688; x_wconf 88' lang='lat' dir='ltr'>sono.</span> 
     </span>
    </p>
   </div>
   <div class='ocr_carea' id='block_1_3' title="bbox 92 1751 1429 2535">
    <p class='ocr_par' dir='ltr' id='par_1_8' title="bbox 92 1751 1429 2535">
     <span class='ocr_line' id='line_1_29' title="bbox 192 1751 1426 1798; baseline 0.004 -10"><span class='ocrx_word' id='word_1_217' title='bbox 192 1751 430 1789; x_wconf 83' lang='lat' dir='ltr'>XXXVIII.</span> <span class='ocrx_word' id='word_1_218' title='bbox 478 1753 535 1790; x_wconf 89' lang='lat' dir='ltr'>Ibi</span> <span class='ocrx_word' id='word_1_219' title='bbox 573 1754 715 1790; x_wconf 88' lang='lat' dir='ltr'>tribuni</span> <span class='ocrx_word' id='word_1_220' title='bbox 744 1754 919 1798; x_wconf 88' lang='lat' dir='ltr'>militum,</span> <span class='ocrx_word' id='word_1_221' title='bbox 950 1767 1025 1792; x_wconf 90' lang='lat' dir='ltr'>non</span> <span class='ocrx_word' id='word_1_222' title='bbox 1059 1755 1142 1792; x_wconf 89' lang='lat' dir='ltr'>loco</span> <span class='ocrx_word' id='word_1_223' title='bbox 1171 1756 1305 1792; x_wconf 87' lang='lat' dir='ltr'>castris</span> <span class='ocrx_word' id='word_1_224' title='bbox 1341 1757 1426 1793; x_wconf 71' lang='lat' dir='ltr'>ante</span> 
     </span>
     <span class='ocr_line' id='line_1_30' title="bbox 139 1805 1427 1856; baseline 0.004 -16"><span class='ocrx_word' id='word_1_225' title='bbox 139 1811 261 1852; x_wconf 86' lang='lat' dir='ltr'>capto,</span> <span class='ocrx_word' id='word_1_226' title='bbox 283 1817 357 1842; x_wconf 91' lang='lat' dir='ltr'>non</span> <span class='ocrx_word' id='word_1_227' title='bbox 378 1806 603 1854; x_wconf 69' lang='lat' dir='ltr'>praemunito</span> <span class='ocrx_word' id='word_1_228' title='bbox 623 1806 729 1852; x_wconf 87' lang='lat' dir='ltr'>vallo,</span> <span class='ocrx_word' id='word_1_229' title='bbox 751 1805 823 1854; x_wconf 70' lang='lat' dir='ltr'>quo</span> <span class='ocrx_word' id='word_1_230' title='bbox 839 1815 1013 1856; x_wconf 88' lang='lat' dir='ltr'>receptus</span> <span class='ocrx_word' id='word_1_231' title='bbox 1033 1815 1143 1853; x_wconf 88' lang='lat' dir='ltr'>esset,</span> <span class='ocrx_word' id='word_1_232' title='bbox 1165 1821 1242 1845; x_wconf 91' lang='lat' dir='ltr'>non</span> <span class='ocrx_word' id='word_1_233' title='bbox 1260 1808 1427 1845; x_wconf 88' lang='lat' dir='ltr'>Deorum</span> 
     </span>
     <span class='ocr_line' id='line_1_31' title="bbox 94 1856 1429 1909; baseline 0.002 -15"><span class='ocrx_word' id='word_1_234' title='bbox 94 1869 125 1894; x_wconf 81' lang='grc' dir='ltr'>3ο</span> <span class='ocrx_word' id='word_1_235' title='bbox 140 1856 284 1902; x_wconf 86' lang='lat' dir='ltr'>saltem,</span> <span class='ocrx_word' id='word_1_236' title='bbox 305 1857 335 1893; x_wconf 89' lang='lat' dir='ltr'>si</span> <span class='ocrx_word' id='word_1_237' title='bbox 367 1870 442 1894; x_wconf 92' lang='lat' dir='ltr'>non</span> <span class='ocrx_word' id='word_1_238' title='bbox 472 1858 679 1902; x_wconf 85' lang='lat' dir='ltr'>hominum,</span> <span class='ocrx_word' id='word_1_239' title='bbox 702 1871 898 1905; x_wconf 85' lang='lat' dir='ltr'>memores,</span> <span class='ocrx_word' id='word_1_240' title='bbox 931 1872 1003 1896; x_wconf 89' lang='lat' dir='ltr'>nec</span> <span class='ocrx_word' id='word_1_241' title='bbox 1024 1860 1233 1909; x_wconf 77' lang='lat' dir='ltr'>auspicato,</span> <span class='ocrx_word' id='word_1_242' title='bbox 1254 1873 1326 1897; x_wconf 90' lang='lat' dir='ltr'>nec</span> <span class='ocrx_word' id='word_1_243' title='bbox 1350 1861 1429 1897; x_wconf 85' lang='lat' dir='ltr'>lita-</span> 
     </span>
     <span class='ocr_line' id='line_1_32' title="bbox 139 1907 1426 1955; baseline 0.003 -10"><span class='ocrx_word' id='word_1_244' title='bbox 139 1907 190 1951; x_wconf 76' lang='lat' dir='ltr'>to,</span> <span class='ocrx_word' id='word_1_245' title='bbox 225 1908 416 1946; x_wconf 86' lang='lat' dir='ltr'>instruunt</span> <span class='ocrx_word' id='word_1_246' title='bbox 449 1911 570 1946; x_wconf 89' lang='lat' dir='ltr'>aciem</span> <span class='ocrx_word' id='word_1_247' title='bbox 604 1910 799 1947; x_wconf 83' lang='lat' dir='ltr'>diductam</span> <span class='ocrx_word' id='word_1_248' title='bbox 828 1911 865 1947; x_wconf 91' lang='lat' dir='ltr'>in</span> <span class='ocrx_word' id='word_1_249' title='bbox 895 1925 1051 1955; x_wconf 88' lang='lat' dir='ltr'>cornua,</span> <span class='ocrx_word' id='word_1_250' title='bbox 1082 1925 1130 1949; x_wconf 93' lang='lat' dir='ltr'>ne</span> <span class='ocrx_word' id='word_1_251' title='bbox 1159 1913 1426 1950; x_wconf 82' lang='lat' dir='ltr'>circumveniri</span> 
     </span>
     <span class='ocr_line' id='line_1_33' title="bbox 138 1961 1428 2014; baseline 0.004 -17"><span class='ocrx_word' id='word_1_252' title='bbox 138 1961 379 1998; x_wconf 84' lang='lat' dir='ltr'>multitudine</span> <span class='ocrx_word' id='word_1_253' title='bbox 393 1962 554 1999; x_wconf 88' lang='lat' dir='ltr'>hostium</span> <span class='ocrx_word' id='word_1_254' title='bbox 573 1970 749 2011; x_wconf 84' lang='lat' dir='ltr'>possent:</span> <span class='ocrx_word' id='word_1_255' title='bbox 780 1976 852 2000; x_wconf 83' lang='lat' dir='ltr'>nec</span> <span class='ocrx_word' id='word_1_256' title='bbox 870 1972 995 2001; x_wconf 87' lang='lat' dir='ltr'>tamen</span> <span class='ocrx_word' id='word_1_257' title='bbox 1010 1965 1147 2013; x_wconf 68' lang='lat' dir='ltr'>{equari</span> <span class='ocrx_word' id='word_1_258' title='bbox 1167 1964 1307 2002; x_wconf 84' lang='lat' dir='ltr'>frontes</span> <span class='ocrx_word' id='word_1_259' title='bbox 1327 1973 1428 2014; x_wconf 92' lang='lat' dir='ltr'>pote-</span> 
     </span>
     <span class='ocr_line' id='line_1_34' title="bbox 139 2015 1426 2062; baseline 0.004 -13"><span class='ocrx_word' id='word_1_260' title='bbox 139 2021 235 2059; x_wconf 89' lang='lat' dir='ltr'>rant,</span> <span class='ocrx_word' id='word_1_261' title='bbox 255 2026 368 2062; x_wconf 89' lang='lat' dir='ltr'>quum</span> <span class='ocrx_word' id='word_1_262' title='bbox 389 2015 631 2051; x_wconf 85' lang='lat' dir='ltr'>extenuando</span> <span class='ocrx_word' id='word_1_263' title='bbox 653 2015 837 2052; x_wconf 87' lang='lat' dir='ltr'>infirmam</span> <span class='ocrx_word' id='word_1_264' title='bbox 855 2025 892 2053; x_wconf 89' lang='lat' dir='ltr'>et</span> <span class='ocrx_word' id='word_1_265' title='bbox 909 2017 967 2053; x_wconf 75' lang='lat' dir='ltr'>vix</span> <span class='ocrx_word' id='word_1_266' title='bbox 985 2017 1240 2054; x_wconf 75' lang='lat' dir='ltr'>cohaerentem</span> <span class='ocrx_word' id='word_1_267' title='bbox 1263 2019 1426 2055; x_wconf 84' lang='lat' dir='ltr'>mediam</span> 
     </span>
     <span class='ocr_line' id='line_1_35' title="bbox 138 2065 1425 2118; baseline 0.004 -16"><span class='ocrx_word' id='word_1_268' title='bbox 138 2065 258 2102; x_wconf 85' lang='lat' dir='ltr'>aciem</span> <span class='ocrx_word' id='word_1_269' title='bbox 281 2067 475 2104; x_wconf 89' lang='lat' dir='ltr'>haberent.</span> <span class='ocrx_word' id='word_1_270' title='bbox 533 2067 690 2104; x_wconf 87' lang='lat' dir='ltr'>Paulum</span> <span class='ocrx_word' id='word_1_271' title='bbox 711 2076 791 2105; x_wconf 87' lang='lat' dir='ltr'>erat</span> <span class='ocrx_word' id='word_1_272' title='bbox 820 2069 867 2105; x_wconf 88' lang='lat' dir='ltr'>ab</span> <span class='ocrx_word' id='word_1_273' title='bbox 897 2069 1049 2106; x_wconf 63' lang='lat' dir='ltr'>dextera</span> <span class='ocrx_word' id='word_1_274' title='bbox 1079 2070 1170 2106; x_wconf 88' lang='lat' dir='ltr'>editi</span> <span class='ocrx_word' id='word_1_275' title='bbox 1198 2070 1285 2114; x_wconf 88' lang='lat' dir='ltr'>loci,</span> <span class='ocrx_word' id='word_1_276' title='bbox 1314 2083 1425 2118; x_wconf 84' lang='lat' dir='ltr'>quem</span> 
     </span>
     <span class='ocr_line' id='line_1_36' title="bbox 92 2117 1425 2171; baseline 0.004 -16"><span class='ocrx_word' id='word_1_277' title='bbox 92 2130 125 2155; x_wconf 84' lang='lat'>35</span> <span class='ocrx_word' id='word_1_278' title='bbox 138 2117 372 2155; x_wconf 84' lang='lat' dir='ltr'>subsidiariis</span> <span class='ocrx_word' id='word_1_279' title='bbox 391 2119 524 2168; x_wconf 89' lang='lat' dir='ltr'>repleri</span> <span class='ocrx_word' id='word_1_280' title='bbox 546 2120 714 2168; x_wconf 83' lang='lat' dir='ltr'>placuit3</span> <span class='ocrx_word' id='word_1_281' title='bbox 744 2133 863 2169; x_wconf 87' lang='lat' dir='ltr'>eaque</span> <span class='ocrx_word' id='word_1_282' title='bbox 884 2135 954 2168; x_wconf 82' lang='lat' dir='ltr'>res,</span> <span class='ocrx_word' id='word_1_283' title='bbox 976 2130 1016 2158; x_wconf 89' lang='lat' dir='ltr'>ut</span> <span class='ocrx_word' id='word_1_284' title='bbox 1036 2122 1185 2159; x_wconf 90' lang='lat' dir='ltr'>initium</span> <span class='ocrx_word' id='word_1_285' title='bbox 1205 2123 1352 2171; x_wconf 87' lang='lat' dir='ltr'>pavoris</span> <span class='ocrx_word' id='word_1_286' title='bbox 1381 2136 1425 2160; x_wconf 89' lang='lat' dir='ltr'>ac</span> 
     </span>
     <span class='ocr_line' id='line_1_37' title="bbox 140 2168 1426 2225; baseline 0.005 -19"><span class='ocrx_word' id='word_1_287' title='bbox 140 2168 248 2217; x_wconf 75' lang='lat' dir='ltr'>sugm,</span> <span class='ocrx_word' id='word_1_288' title='bbox 268 2170 323 2207; x_wconf 90' lang='lat' dir='ltr'>sic</span> <span class='ocrx_word' id='word_1_289' title='bbox 345 2184 419 2208; x_wconf 90' lang='lat' dir='ltr'>una</span> <span class='ocrx_word' id='word_1_290' title='bbox 437 2172 538 2208; x_wconf 87' lang='lat' dir='ltr'>salus</span> <span class='ocrx_word' id='word_1_291' title='bbox 569 2172 801 2222; x_wconf 83' lang='lat' dir='ltr'>fugientibus</span> <span class='ocrx_word' id='word_1_292' title='bbox 824 2173 889 2210; x_wconf 89' lang='lat' dir='ltr'>fuit</span> <span class='ocrx_word' id='word_1_293' title='bbox 908 2187 917 2209; x_wconf 89' lang='lat'>:</span> <span class='ocrx_word' id='word_1_294' title='bbox 957 2187 1044 2211; x_wconf 84' lang='lat' dir='ltr'>nam</span> <span class='ocrx_word' id='word_1_295' title='bbox 1065 2174 1252 2221; x_wconf 86' lang='lat' dir='ltr'>Brennus,</span> <span class='ocrx_word' id='word_1_296' title='bbox 1274 2175 1426 2225; x_wconf 82' lang='lat' dir='ltr'>regulus</span> 
     </span>
     <span class='ocr_line' id='line_1_38' title="bbox 138 2221 1426 2275; baseline 0.006 -18"><span class='ocrx_word' id='word_1_297' title='bbox 138 2221 343 2268; x_wconf 88' lang='lat' dir='ltr'>Gallorum,</span> <span class='ocrx_word' id='word_1_298' title='bbox 366 2224 403 2260; x_wconf 90' lang='lat' dir='ltr'>in</span> <span class='ocrx_word' id='word_1_299' title='bbox 424 2225 613 2273; x_wconf 86' lang='lat' dir='ltr'>paucitate</span> <span class='ocrx_word' id='word_1_300' title='bbox 635 2225 797 2262; x_wconf 86' lang='lat' dir='ltr'>hostium</span> <span class='ocrx_word' id='word_1_301' title='bbox 818 2234 934 2263; x_wconf 88' lang='lat' dir='ltr'>artem</span> <span class='ocrx_word' id='word_1_302' title='bbox 963 2227 1125 2263; x_wconf 72' lang='lat' dir='ltr'>maxime</span> <span class='ocrx_word' id='word_1_303' title='bbox 1152 2227 1303 2275; x_wconf 90' lang='lat' dir='ltr'>timens,</span> <span class='ocrx_word' id='word_1_304' title='bbox 1325 2236 1426 2265; x_wconf 85' lang='lat' dir='ltr'>ratus</span> 
     </span>
     <span class='ocr_line' id='line_1_39' title="bbox 139 2274 1426 2326; baseline 0.006 -17"><span class='ocrx_word' id='word_1_305' title='bbox 139 2274 185 2309; x_wconf 87' lang='lat' dir='ltr'>ad</span> <span class='ocrx_word' id='word_1_306' title='bbox 221 2274 256 2310; x_wconf 92' lang='lat' dir='ltr'>id</span> <span class='ocrx_word' id='word_1_307' title='bbox 287 2283 438 2324; x_wconf 88' lang='lat' dir='ltr'>captum</span> <span class='ocrx_word' id='word_1_308' title='bbox 473 2277 702 2326; x_wconf 87' lang='lat' dir='ltr'>superiorem</span> <span class='ocrx_word' id='word_1_309' title='bbox 736 2278 877 2326; x_wconf 85' lang='lat' dir='ltr'>locum,</span> <span class='ocrx_word' id='word_1_310' title='bbox 912 2287 964 2323; x_wconf 92' lang='lat' dir='ltr'>ut,</span> <span class='ocrx_word' id='word_1_311' title='bbox 1000 2279 1063 2316; x_wconf 89' lang='lat' dir='ltr'>ubi</span> <span class='ocrx_word' id='word_1_312' title='bbox 1093 2280 1191 2317; x_wconf 89' lang='lat' dir='ltr'>Galli</span> <span class='ocrx_word' id='word_1_313' title='bbox 1222 2293 1309 2317; x_wconf 87' lang='lat' dir='ltr'>curn</span> <span class='ocrx_word' id='word_1_314' title='bbox 1343 2281 1426 2318; x_wconf 87' lang='lat' dir='ltr'>acie</span> 
     </span>
     <span class='ocr_line' id='line_1_40' title="bbox 140 2325 1425 2377; baseline 0.006 -16"><span class='ocrx_word' id='word_1_315' title='bbox 140 2325 332 2374; x_wconf 88' lang='lat' dir='ltr'>legionum</span> <span class='ocrx_word' id='word_1_316' title='bbox 362 2329 466 2365; x_wconf 68' lang='lat' dir='ltr'>recta</span> <span class='ocrx_word' id='word_1_317' title='bbox 487 2329 607 2367; x_wconf 87' lang='lat' dir='ltr'>fronte</span> <span class='ocrx_word' id='word_1_318' title='bbox 626 2331 972 2377; x_wconf 84' lang='lat' dir='ltr'>concucurrissent,</span> <span class='ocrx_word' id='word_1_319' title='bbox 993 2332 1162 2369; x_wconf 85' lang='lat' dir='ltr'>subsidia</span> <span class='ocrx_word' id='word_1_320' title='bbox 1199 2333 1237 2370; x_wconf 90' lang='lat' dir='ltr'>in</span> <span class='ocrx_word' id='word_1_321' title='bbox 1276 2346 1425 2370; x_wconf 82' lang='lat' dir='ltr'>aversos</span> 
     </span>
     <span class='ocr_line' id='line_1_41' title="bbox 95 2381 1426 2435; baseline 0.007 -22"><span class='ocrx_word' id='word_1_322' title='bbox 95 2389 126 2414; x_wconf 80' lang='lat'>40</span> <span class='ocrx_word' id='word_1_323' title='bbox 140 2385 447 2428; x_wconf 87' lang='lat' dir='ltr'>transversosque</span> <span class='ocrx_word' id='word_1_324' title='bbox 469 2381 646 2430; x_wconf 88' lang='lat' dir='ltr'>impetum</span> <span class='ocrx_word' id='word_1_325' title='bbox 668 2384 815 2428; x_wconf 87' lang='lat' dir='ltr'>darent,</span> <span class='ocrx_word' id='word_1_326' title='bbox 846 2385 891 2421; x_wconf 84' lang='lat' dir='ltr'>ad</span> <span class='ocrx_word' id='word_1_327' title='bbox 922 2385 1167 2422; x_wconf 88' lang='lat' dir='ltr'>subsidiarios</span> <span class='ocrx_word' id='word_1_328' title='bbox 1199 2386 1309 2435; x_wconf 87' lang='lat' dir='ltr'>signa</span> <span class='ocrx_word' id='word_1_329' title='bbox 1337 2397 1426 2421; x_wconf 90' lang='lat' dir='ltr'>con·</span> 
     </span>
     <span class='ocr_line' id='line_1_42' title="bbox 142 2431 1425 2484; baseline 0.005 -18"><span class='ocrx_word' id='word_1_330' title='bbox 142 2431 275 2475; x_wconf 80' lang='lat' dir='ltr'>vertit3</span> <span class='ocrx_word' id='word_1_331' title='bbox 305 2432 335 2468; x_wconf 92' lang='lat' dir='ltr'>si</span> <span class='ocrx_word' id='word_1_332' title='bbox 356 2445 420 2469; x_wconf 87' lang='lat' dir='ltr'>eos</span> <span class='ocrx_word' id='word_1_333' title='bbox 441 2432 523 2469; x_wconf 86' lang='lat' dir='ltr'>loco</span> <span class='ocrx_word' id='word_1_334' title='bbox 539 2434 756 2483; x_wconf 89' lang='lat' dir='ltr'>depulisset,</span> <span class='ocrx_word' id='word_1_335' title='bbox 792 2437 892 2474; x_wconf 88' lang='lat' dir='ltr'>haud</span> <span class='ocrx_word' id='word_1_336' title='bbox 912 2438 1065 2484; x_wconf 84' lang='lat' dir='ltr'>dubius,</span> <span class='ocrx_word' id='word_1_337' title='bbox 1087 2438 1236 2474; x_wconf 83' lang='lat' dir='ltr'>facilem</span> <span class='ocrx_word' id='word_1_338' title='bbox 1259 2439 1296 2474; x_wconf 90' lang='lat' dir='ltr'>in</span> <span class='ocrx_word' id='word_1_339' title='bbox 1318 2449 1425 2484; x_wconf 82' lang='lat' dir='ltr'>aequo</span> 
     </span>
     <span class='ocr_line' id='line_1_43' title="bbox 139 2484 1427 2535; baseline 0.005 -15"><span class='ocrx_word' id='word_1_340' title='bbox 139 2484 263 2532; x_wconf 86' lang='lat' dir='ltr'>campi</span> <span class='ocrx_word' id='word_1_341' title='bbox 293 2484 437 2522; x_wconf 71' lang='lat' dir='ltr'>tantum</span> <span class='ocrx_word' id='word_1_342' title='bbox 467 2488 656 2535; x_wconf 87' lang='lat' dir='ltr'>superanti</span> <span class='ocrx_word' id='word_1_343' title='bbox 695 2489 927 2526; x_wconf 91' lang='lat' dir='ltr'>multitudini</span> <span class='ocrx_word' id='word_1_344' title='bbox 959 2490 1151 2528; x_wconf 87' lang='lat' dir='ltr'>victoriam</span> <span class='ocrx_word' id='word_1_345' title='bbox 1173 2491 1279 2528; x_wconf 81' lang='lat' dir='ltr'>fore:</span> <span class='ocrx_word' id='word_1_346' title='bbox 1327 2488 1427 2526; x_wconf 72' lang='lat' dir='ltr'>adeo</span> 
     </span>
    </p>
   </div>
  </div>
 </body>
</html>
