1617 2765
627 175 764 206 LIBER
787 176 846 206 IV.
874 186 954 207 CAP.
973 187 1039 208 vn.
1395 181 1466 218 111

189 278 253 310 aut
271 278 352 321 post
370 271 510 308 bellum
530 269 710 307 dilaturos
729 283 811 307 esse
829 284 838 315 3
886 278 1178 319 contentamque
1210 271 1360 309 interim
1380 274 1470 311 con-⁴

188 325 304 362 nubio
323 324 471 372 plebem
491 329 659 371 paratam
679 321 844 359 delectui
866 323 955 360 fore.
1011 323 1145 362 Quum
1167 323 1374 372 Canulejus
1394 326 1470 362 vic-

186 376 281 414 toria
301 376 347 411 de
367 374 540 411 Patribus
560 381 597 410 et
616 374 735 422 plebis
770 374 891 411 favore
925 375 1061 424 ingens
1091 382 1203 422 esset,
1233 377 1386 412 accensi
1407 377 1468 413 alii

186 427 326 465 tribuni
347 427 392 463 ad
414 433 607 463 certamen
628 439 693 474 pro
712 428 906 475 rogatione
937 428 1005 463 sua
1038 428 1184 464 summa
1218 427 1252 463 vi
1272 436 1467 476 pugnant3

156 490 173 514 5
186 487 234 525 et,
255 485 451 515 crescente
471 478 510 514 in
530 478 611 514 dies
631 478 731 514 sama
750 479 850 525 belli,
881 480 1070 516 delectum
1091 479 1313 528 impediunt.
1371 480 1470 516 Con-

185 531 296 576 sules,
335 543 451 579 quum
491 543 557 579 per
586 538 772 576 senatum,
803 531 1127 568 intercedentibus
1164 531 1337 577 tribunis,
1376 532 1469 568 nihil

185 584 245 632 agi
265 590 403 631 posset,
424 582 581 619 consilia
613 582 827 631 principum
861 584 961 620 domi
993 584 1194 619 habebant.
1252 584 1471 632 Apparebat

185 643 250 672 aut
270 635 438 672 hostibus
458 641 522 671 aut
540 635 686 671 civibus
702 635 749 670 de
770 635 925 672 victoria
946 636 1239 672 concedendurn
1260 648 1354 671 esse.
1404 637 1469 672 So-

183 687 208 724 li
229 700 274 723 ex
305 687 567 723 consularibus
598 686 772 723 Valerius
805 694 915 735 atque
948 688 1127 724 Horatius
1160 701 1235 724 non
1266 688 1472 724 intererant

140 749 171 774 10
184 739 364 776 consiliis.
421 738 466 776 C.
497 739 649 775 Claudii
671 740 857 775 sententia
886 740 1061 776 consules
1092 740 1260 776 armabat
1290 740 1327 776 in
1358 740 1472 776 tribu·

184 804 276 828 nos:
331 791 595 836 Quintiorum,
633 790 928 839 Cincinnatique
958 800 995 829 et
1025 792 1242 840 Capitolini,
1274 792 1472 828 sententiae

185 844 439 880 abhorrebant
467 855 489 879 a
516 843 633 887 caede,
673 843 942 892 violandisque,
973 857 1077 892 quos,
1108 844 1249 880 foedere
1279 845 1353 880 icto
1382 857 1470 880 cum

188 896 312 944 plebe,
347 902 607 932 sacrosanctos
637 895 884 943 accepissent.
949 896 1021 932 Per
1042 897 1124 932 hmo
1146 896 1305 933 consilia
1337 895 1382 932 eo
1410 897 1472 932 de-

184 948 300 983 ducta
319 959 379 983 res
407 954 474 992 est,
496 954 537 982 ut
557 946 728 982 tribunos
763 947 922 983 militum
956 948 1145 984 consulari
1175 955 1358 997 potestate
1392 961 1473 996 pro-

140 1010 170 1034 15
184 998 331 1035 misene
351 1011 398 1034 ex
418 998 592 1035 Patribus
612 1010 657 1034 ac
678 998 786 1046 plebe
806 1000 924 1035 creari
947 999 1114 1036 sinerent
1131 1013 1140 1043 3
1184 1000 1231 1035 de
1252 1000 1472 1036 consulibus

184 1051 360 1088 creandis
380 1050 474 1087 nihil
504 1057 736 1086 mutaretur:
779 1063 898 1099 eoque
918 1052 1086 1088 contenti
1117 1051 1269 1096 tribuni,
1292 1059 1472 1088 contenta

182 1103 289 1153 plebs
309 1103 390 1140 fuit.
447 1102 613 1139 Comitia
632 1102 794 1139 tribunis
814 1104 1002 1140 consulari
1032 1111 1215 1152 potestate
1249 1104 1368 1140 tribus
1394 1117 1473 1140 cre-

183 1155 292 1192 andis
312 1155 555 1192 indicuntur:
594 1154 730 1203 quibus
751 1155 914 1200 indictis,
937 1156 1137 1205 extemplo,
1157 1156 1386 1204 quicumque
1407 1156 1472 1192 ali-

183 1208 273 1257 quid
293 1208 469 1246 seditiose
490 1207 636 1245 dixerat
656 1214 718 1245 aut
745 1207 897 1254 fecerat,
932 1207 1045 1257 quam
1079 1208 1243 1245 maxime
1263 1208 1469 1254 tribunicii,

137 1270 170 1295 20
183 1268 221 1298 et
240 1274 416 1310 prensare
437 1262 623 1309 homines,
656 1269 694 1300 et
719 1274 946 1300 concursare
981 1268 1057 1298 toto
1078 1261 1156 1297 foro
1175 1260 1367 1297 candidati
1397 1273 1473 1296 coe-

184 1315 297 1363 pere:
327 1320 368 1350 ut
387 1314 564 1363 patricios
594 1315 805 1363 desperatio
838 1314 973 1364 primo,
1008 1313 1151 1353 irritata
1183 1313 1305 1363 plebe,
1336 1312 1473 1361 adipis-

186 1366 299 1402 cendi
321 1366 487 1413 honoris,
507 1367 646 1403 deinde
667 1368 891 1416 indignatio,
912 1369 942 1404 si
963 1381 1050 1405 cum
1072 1368 1131 1405 his
1151 1366 1341 1417 gerendus
1373 1372 1473 1404 esset

184 1418 314 1464 honos,
335 1418 567 1463 deterreret3
597 1419 784 1468 postremo
806 1420 927 1456 coacti
948 1427 1074 1457 tamen
1098 1433 1120 1456 a
1134 1420 1360 1469 primoribus
1378 1420 1472 1469 peti-

181 1471 255 1516 ere,
277 1483 325 1506 ne
345 1471 505 1507 cessisse
524 1472 759 1519 possessione
780 1472 997 1520 reipublicae
1011 1473 1239 1509 viderentur.
1297 1472 1468 1508 Eventus

136 1532 310 1560 25e0rum
331 1522 568 1560 comitiorum
589 1523 731 1570 docuit,
762 1523 853 1560 alios
874 1524 1018 1560 animos
1039 1525 1077 1560 in
1098 1524 1340 1560 contentione
1360 1524 1471 1560 liber·

180 1575 267 1611 tatis
286 1574 567 1623 dignitatisque,
599 1575 703 1622 alios,
737 1576 948 1612 secundum
979 1576 1149 1625 deposita
1173 1576 1393 1621 certamina,
1415 1576 1472 1612 in·

182 1633 357 1674 corrupto
381 1626 525 1675 judicio
544 1639 627 1663 esse
646 1640 653 1664 :
695 1627 867 1664 tribunos
900 1628 1001 1664 enim
1022 1641 1154 1665 omnes
1169 1628 1346 1676 patricios
1369 1640 1472 1664 crea-

182 1678 234 1715 vit
252 1678 424 1727 populus,
445 1686 647 1715 contentus
667 1692 724 1725 eo,
759 1679 857 1727 quOd
887 1680 981 1716 ratio
1015 1680 1142 1716 habita
1161 1680 1394 1729 plebejoruin
1414 1692 1472 1716 es-

139 1729 251 1783 {seu
309 1730 424 1766 Hanc
442 1730 662 1767 modestiam
694 1732 980 1779 {equitatemque
1013 1739 1051 1768 et
1080 1731 1317 1768 altitudinem
1352 1731 1469 1768 animi

140 1785 163 1800 V

145 1814 163 1841 ὁ
184 1782 247 1819 ubi
267 1795 372 1819 nunc
393 1782 430 1819 in
452 1795 526 1819 uno
546 1782 749 1830 inveneris,
769 1796 851 1831 quae
873 1790 951 1820 tum
972 1784 1098 1832 populi
1119 1783 1284 1820 universi
1307 1783 1406 1820 fuit'!

157 1922 165 1929 .
147 1856 163 1883 A.

237 1886 328 1924 VII.
372 1887 489 1923 Anno
509 1887 776 1924 trecentesimo
796 1888 957 1934 decimo,
987 1888 1099 1936 quam
1126 1888 1215 1924 urbs
1235 1888 1362 1925 Roma
1381 1900 1470 1925 con-

139 1933 164 1977 Ξ
184 1939 264 1976 dita
281 1945 374 1982 erat,
394 1939 555 1988 primurn
575 1940 715 1976 tribuni
749 1940 912 1976 militum
942 1953 1008 1989 pro
1037 1940 1258 1977 consulibus
1278 1940 1471 1989 magistra-

147 1990 264 2081 Ztulm
285 1991 431 2039 ineunt,
461 1992 509 2028 A.
532 1992 778 2042 Sempronius
808 1992 1017 2040 Atratinus,
1050 1993 1093 2030 L.
1117 1992 1266 2039 Atilius,
1304 1992 1354 2029 T.
1388 1992 1472 2029 Cae-

141 2057 222 2082 —101
239 2056 309 2082 ius·
366 2071 532 2081 .....
