1617 2765
131 132 183 169 78
665 127 757 159 T1T1
780 127 893 158 LIVII

133 226 231 263 inter
251 239 290 263 se
306 224 492 276 jungebat
513 223 669 260 animos.
727 223 772 260 Id
793 223 903 260 modo
923 236 998 260 non
1012 222 1287 269 conveniebat;
1321 221 1422 272 quod
1435 241 1468 275 ς

134 286 288 315 senatus
309 278 559 325 consulesque
593 289 778 325 nusquam
810 276 899 312 alibi
929 289 1046 324 spem,
1080 276 1193 324 quam
1228 275 1266 312 in
1297 276 1422 324 armis,
1443 277 1462 313 ἰ,

133 332 350 380 ponebant:
389 330 518 380 plebes
537 329 677 376 omnia,
693 333 804 378 quam
825 328 979 371 bellum,
1001 329 1175 365 malebat.
1233 329 1297 377 Sp.
1319 328 1424 365 Nau·
1444 337 1469 370 ἓ

132 384 208 420 tius
233 384 311 433 jam
331 391 369 421 et
402 384 491 420 Sex.
512 381 651 418 Furius
681 381 858 418 consules
887 388 1005 418 erant.
1062 381 1152 428 Eos,
1178 389 1424 418 recensentes
1444 389 1452 396 '

133 436 314 486 legiones,
333 435 509 486 praesidia
528 447 593 483 per
613 446 740 470 muros
773 434 931 482 aliaque,
959 434 997 469 in
1017 433 1153 481 quibus
1173 434 1353 470 stationes
1375 433 1424 470 vi-

132 489 317 538 giliasque
337 501 420 525 esse
439 488 645 537 placuerat,
666 486 750 523 loca
769 486 1050 532 distribuentes,
1072 486 1272 522 multitudo
1288 499 1425 535 lugens
1445 494 1453 501 ·

132 554 267 591 pacem
303 540 541 591 poscentium
578 539 740 588 primum
778 539 956 576 seditioso
993 538 1157 575 clamore
1188 539 1395 575 conterruit
1415 551 1424 574 ε
1446 565 1453 572 .

132 595 271 632 deinde
293 606 427 631 vocare
453 599 641 639 senatum,
673 591 812 628 referre
842 592 889 628 de
922 591 1057 640 legatis
1086 591 1133 627 ad
1167 590 1211 628 C.
1234 590 1426 628 Marcium

132 647 329 685 mittendis
349 646 488 696 coegit.
546 646 794 693 Acceperunt
823 644 1044 681 relationem
1065 643 1207 689 Patres,
1228 651 1425 692 postquam

133 701 318 749 apparuit,
338 700 465 736 labare
485 698 606 747 plebis
626 698 793 742 animos3
847 697 1025 744 missique
1056 696 1102 732 de
1132 709 1226 745 pace
1258 697 1304 732 ad
1326 696 1426 733 Mar·
1441 704 1472 729 10

132 753 235 790 oium
255 760 421 789 oratores
441 757 548 788 atrox
569 762 790 798 responsum
807 749 1037 785 retulerunt:
1075 750 1098 770 “
1117 749 1158 785 Si
1171 748 1321 785 Volscis
1337 761 1427 797 ager

133 807 156 826 “
169 805 405 848 redderetur,
427 815 536 852 posse
557 802 617 851 agi
639 802 686 838 de
705 814 823 851 pace:
871 801 902 838 si
935 801 1063 850 praeda
1091 801 1180 837 belli
1211 813 1277 849 per
1306 801 1426 837 otium

132 858 244 894 “frui
278 857 407 900 velint,
440 867 646 892 memorem
678 867 717 891 se
750 862 788 891 et
818 854 959 891 civium
989 853 1150 903 injuriae,
1171 860 1208 890 et
1237 853 1428 902 hospitum

132 912 157 932 “
173 910 363 956 beneficii,
381 909 617 954 adnisurum,
638 914 678 944 ut
697 915 888 956 appareat,
908 906 1042 943 exsilio
1062 906 1133 943 sibi
1154 905 1329 949 irritatos,
1351 918 1426 942 non

133 965 158 986 “
176 964 326 1006 fractos,
366 962 512 999 animos
549 961 670 997 esse.'’
727 960 870 996 Iterum
908 959 1048 995 deinde
1079 959 1195 995 iidem
1227 959 1330 995 missi
1350 971 1426 995 non
1442 967 1473 992 15

133 1016 370 1065 recipiuntur
404 1015 442 1051 in
474 1021 609 1050 castra.
668 1013 894 1049 Sacerdotes
923 1024 1084 1060 quoque,
1105 1011 1184 1047 suis
1213 1011 1428 1060 insignibus

133 1069 287 1116 velatos,
309 1068 382 1104 isse
403 1066 593 1116 supplices
613 1066 659 1102 ad
680 1072 803 1102 castra
823 1065 998 1110 hostium,
1018 1064 1197 1101 traditum
1220 1071 1300 1109 est;
1331 1063 1428 1100 nihi-

134 1122 170 1159 lo
189 1122 310 1171 magis
329 1118 444 1169 quam
463 1119 606 1168 legatos
626 1118 776 1155 flexisse
796 1118 977 1154 animum.

1444 371 1470 386 9

1444 431 1463 489 D'V

1445 515 1471 563 981²

1437 576 1472 586 [

186 1226 273 1263 XL.
304 1225 409 1263 Tum
430 1232 610 1262 matronae
630 1225 676 1261 ad
698 1224 909 1270 Veturiam,
943 1230 1103 1263 matrem
1123 1221 1332 1269 Coriolani,
1352 1221 1428 1259 Vo-

133 1280 392 1327 lumniamque
413 1290 582 1321 uxorem,
605 1277 820 1326 frequentes
849 1279 1012 1313 coeunt:
1055 1275 1093 1312 id
1123 1274 1319 1323 publicum
1339 1285 1475 1311 con-20

134 1333 273 1379 silium,
295 1344 342 1368 an
363 1331 559 1368 muliebris
580 1330 689 1367 timor
710 1330 834 1373 suerit⁷
855 1342 988 1378 parum
1004 1328 1167 1364 invenio.
1225 1327 1428 1364 Pervicere

134 1386 249 1431 certe,
272 1391 313 1421 ut
331 1392 369 1421 et
389 1383 561 1427 Veturia,
583 1395 722 1432 magno
748 1391 839 1419 natu
859 1381 1003 1426 mulier,
1031 1388 1068 1418 et
1093 1380 1313 1424 Volumnia,
1335 1381 1429 1417 duos

133 1451 266 1488 parvos
303 1450 351 1473 ex
380 1436 528 1473 Marcio
557 1436 682 1473 ferens
718 1435 825 1480 filios,
863 1447 994 1471 secum
1033 1434 1073 1470 in
1111 1445 1236 1470 castra
1264 1433 1428 1470 hostium

135 1493 256 1535 irent3
303 1499 354 1537 et,
374 1502 487 1538 quam
516 1489 630 1526 armis
660 1488 727 1525 viri
757 1487 963 1524 defendere
992 1487 1125 1523 urbem
1155 1499 1230 1523 non
1259 1493 1427 1534 possent,

134 1544 313 1581 mulieres
333 1543 510 1591 precibus
529 1541 781 1590 lacrymisque
815 1539 1077 1576 defenderent.
1134 1538 1208 1575 Ubi
1229 1539 1276 1574 ad
1306 1545 1474 1574 castra25

134 1603 290 1633 ventum
312 1602 382 1638 est,
412 1595 703 1642 nuntiatumque
724 1591 939 1635 Coriolano,
971 1592 1103 1628 adesse
1133 1591 1270 1640 ingens
1298 1590 1431 1626 mulie-

136 1662 221 1686 rum
242 1661 393 1698 agmen,
415 1647 453 1684 in
474 1648 594 1696 primo
616 1648 672 1696 (ut
690 1646 754 1694 qui
774 1657 848 1682 nec
881 1644 1035 1694 publica
1055 1644 1251 1692 majestate
1272 1643 1310 1679 in
1330 1643 1431 1692 lega-

135 1703 194 1748 tis,
215 1714 288 1738 nec
309 1702 348 1738 in
368 1700 628 1737 sacerdotibus
647 1699 752 1736 tanta
772 1698 895 1735 offusa
913 1697 1034 1734 oculis
1061 1697 1262 1744 animoque
1281 1695 1431 1744 religio-

135 1767 184 1791 ne
204 1762 327 1791 motus
346 1755 463 1803 esset)
486 1751 605 1789 multo
625 1751 848 1789 obstinatior
880 1750 1062 1786 adversus
1093 1750 1279 1798 lacrymas
1299 1748 1431 1784 mulie-

136 1808 222 1844 bres
242 1814 332 1843 erat.
390 1806 491 1842 Dein
512 1805 754 1842 familiarium
787 1803 954 1852 quidam,
987 1803 1050 1851 qui
1081 1802 1271 1851 insignem
1291 1800 1476 1837 moesti-³0

135 1861 187 1897 tia
207 1860 305 1896 inter
325 1866 484 1896 caeteras
503 1864 732 1906 cognoverat
753 1856 962 1901 Veturiam,
984 1855 1082 1892 inter
1101 1867 1239 1891 nurum
1259 1860 1431 1901 nepotes-

136 1925 209 1961 que
230 1919 407 1954 stantem,
438 1913 462 1933 “
477 1911 563 1947 Nisi
584 1922 643 1946 me
665 1908 930 1950 frustrantur,’'
961 1908 1095 1955 inquit,
1125 1909 1150 1928 ‘⁶
1165 1906 1280 1952 oculi,
1310 1912 1430 1942 mater

137 1964 243 2002 “tibi
273 1964 487 2014 conjuxque
516 1970 554 2000 et
582 1962 691 1999 liberi
721 1960 896 1998 adsunt.''
967 1960 1205 2002 Coriolanus,
1244 1958 1358 2007 prope
1390 1965 1431 1995 ut

138 2030 270 2055 amens
290 2023 568 2059 consternatus,
592 2015 638 2051 ab
668 2015 757 2051 sede
787 2015 854 2050 sua
882 2025 998 2062 quum
1029 2012 1142 2049 ferret
1171 2011 1280 2048 matri
1309 2011 1430 2047 obviae

138 2070 395 2119 complexum,
416 2069 550 2106 mulier
571 2068 608 2104 in
630 2068 725 2104 iram
744 2079 791 2104 ex
810 2066 988 2115 precibus
1008 2077 1126 2111 versa,
1143 2067 1166 2087 “
1184 2065 1290 2107 Sine,
1311 2063 1430 2112 prius·
1441 2073 1478 2098 35

139 2127 165 2148 “
180 2136 294 2172 quam
314 2122 552 2171 complexum
573 2121 732 2170 accipio,
754 2119 911 2165 sciam,''
934 2118 1066 2166 inquit,
1096 2120 1120 2141 “
1137 2118 1184 2154 ad
1202 2117 1360 2162 hostem,
1381 2129 1430 2153 an

139 2180 165 2200 ‘⁶
182 2176 229 2212 ad
249 2175 378 2221 filium,
400 2175 591 2211 venerim:
633 2173 782 2222 captiva
802 2179 986 2208 mater-ne
1018 2171 1056 2207 in
1083 2170 1215 2207 castris
1234 2169 1308 2206 tuis
1327 2169 1396 2205 sim
1414 2169 1429 2205 ’ἔ

141 2232 166 2252 “
180 2228 226 2265 In
248 2228 320 2264 hoc
340 2241 400 2264 me
417 2228 530 2276 longa
559 2227 634 2263 vita
661 2234 699 2262 et
718 2225 850 2262 infelix
878 2231 1035 2260 senecta
1053 2223 1177 2266 traxit,
1200 2230 1240 2259 ut
1259 2222 1430 2258 exsulem

140 2288 162 2304 “
175 2287 223 2326 te,
255 2281 394 2317 deinde
425 2281 571 2317 hostem
601 2278 797 2315 viderem?
853 2277 1011 2313 Potuisti
1041 2276 1210 2325 populari
1242 2276 1341 2311 hanc
1360 2282 1432 2311 ter-

141 2338 165 2358 “
179 2346 272 2376 ram,
292 2346 375 2381 quae
406 2342 441 2369 te
470 2331 604 2382 genuit
636 2338 747 2379 atque
777 2330 896 2366 aluit?
954 2329 1042 2366 Non
1073 2329 1154 2375 tibi,
1187 2327 1357 2377 quamvis
1376 2327 1477 2363 ἑτι-4ο

141 2391 166 2410 ‘-
180 2386 275 2423 festo
294 2386 421 2422 animo
440 2393 478 2422 et
498 2384 638 2421 minaci
659 2395 897 2432 perveneraS,
914 2382 1143 2431 ingredienti
1160 2382 1253 2418 fines
1267 2381 1320 2417 ira
1332 2379 1432 2416 ceci·

142 2443 166 2463 “
179 2440 265 2477 dit'!
295 2451 386 2483 non,
406 2451 521 2487 quum
543 2438 581 2474 in
601 2443 809 2486 conspectu
830 2436 956 2473 Roma
977 2435 1057 2479 fuit,
1078 2435 1278 2477 succurrit,
1298 2436 1308 2454 ⁶
1326 2433 1432 2469 Intra
