1617 2765
161 747 190 772 10

161 1007 192 1032 15

161 1790 194 1815 30

161 2107 194 2132 35

565 168 703 199 LIBER
725 167 838 198 XXII.
863 176 945 198 CAP.
969 177 1042 198 Lxx.
1410 169 1488 207 205

207 271 336 309 “sent,
357 262 548 301 neminem
568 262 680 299 hodie
700 274 746 298 ex
773 261 830 308 iis,
859 261 922 310 qui
951 261 999 298 ad
1028 261 1183 297 Cannas
1210 270 1486 310 pugnaverunt,

207 318 361 355 “civem
385 315 547 352 haberet.
604 314 664 351 Ex
689 313 854 350 millibus
882 321 1027 362 septem
1055 319 1283 349 armatorum
1317 315 1487 351 sexcenti

206 375 229 392 “
240 369 475 410 exstiterunt,
496 367 559 415 qui
578 378 775 415 erumpere
792 366 988 412 auderent,
1003 365 1066 414 qui
1084 364 1121 401 in
1135 365 1293 412 patriam
1313 365 1419 402 liberi
1436 374 1489 403 at-

205 428 228 444 “
242 433 313 469 que
330 419 462 456 armati
482 418 650 455 redirent
667 431 675 454 :
705 431 828 466 neque
848 418 893 454 iis
918 417 1168 466 quadraginta
1187 417 1304 453 millia
1324 418 1487 455 hostium

205 479 227 495 ‘⁸
241 471 432 510 obstitere.
461 470 594 510 Quam
614 478 735 507 tutum
753 470 821 507 iter
834 471 992 507 duarum
1006 468 1121 519 prope
1138 469 1330 519 legionum
1345 471 1487 518 agmini

204 532 226 547 “
239 525 406 563 futurum
427 524 591 560 censetis
620 523 733 559 fuisse
751 524 765 559 ’ἔ
823 523 1027 559 Haberetis
1060 522 1171 558 hodie
1205 522 1339 571 viginti
1372 522 1489 559 millia

204 583 463 614 “armatorum
485 575 657 618 Canusii,
679 575 799 619 fortia,
821 575 958 620 fidelia,
976 575 1107 611 Patres
1123 574 1327 623 conscripti
1345 587 1354 610 ι
1383 587 1488 611 nunc

204 634 363 666 “autern
392 628 708 676 quemadmodum
747 628 785 664 hi
818 627 907 664 boni
928 627 1131 676 fidelesque
1171 625 1277 676 (nam
1298 626 1411 663 fortes
1439 639 1488 663 ne

203 681 308 730 “ipsi
327 680 479 729 quidem
499 680 683 730 dixerint)
712 680 814 717 cives
834 692 916 716 esse
936 680 1122 728 possunt?
1163 679 1236 716 nisi
1257 679 1340 728 quis
1359 679 1489 716 crede-

203 738 276 770 “re
312 739 434 782 potest
466 732 594 779 fuisse,
626 739 667 769 ut
695 733 992 781 erumpentibus,
1023 732 1113 780 quin
1143 738 1397 780 erumperent,
1426 731 1490 768 ob-

203 791 226 808 “
238 786 368 822 sistere
389 785 514 822 conati
535 792 643 821 sunt:
674 791 738 821 aut
754 798 828 822 non
846 785 1014 821 invidere
1031 797 1106 830 θος,
1120 797 1236 833 quum
1252 784 1490 821 incolumita-

204 843 227 861 ‘⁶
239 838 280 885 ti,
299 845 378 875 tum
397 837 525 887 gloriae
546 837 693 874 illorum
714 850 779 886 per
813 837 986 874 virtutem
1007 844 1134 886 partae,
1155 849 1269 885 quum
1290 836 1361 872 sibi
1382 836 1490 873 timo-

204 896 227 912 “
241 903 319 927 rem
340 889 604 939 ignaviamque
624 889 812 926 servitutis
846 890 1106 938 ignominiosae
1141 901 1295 926 causam
1315 901 1397 925 esse
1418 888 1490 925 sci-

206 949 230 966 ‘⁶
245 950 319 979 ant.
379 941 598 978 Maluerunt
624 942 662 978 in
693 941 864 978 tentoriis
892 942 1054 978 latentes
1082 942 1192 978 simul
1220 942 1344 977 lucem
1379 947 1490 989 atque

204 997 229 1017 ‘⁶
248 994 392 1031 hostem
410 1001 646 1042 exspectare,
662 1006 775 1041 quum
790 994 940 1030 silentio
952 994 1075 1030 noctis
1094 993 1319 1041 erumpendi
1338 993 1490 1029 occasio

203 1053 226 1069 “
238 1053 349 1083 esset.
406 1052 415 1067 ⁸
437 1046 491 1082 At
512 1045 613 1082 enim
635 1046 682 1082 ad
702 1046 977 1094 erumpendum
998 1058 1018 1082 e
1035 1046 1167 1082 castris
1180 1045 1299 1082 defuit
1315 1045 1489 1089 animus;

203 1105 248 1125 ‘⁸‘
262 1099 309 1135 ad
345 1097 504 1135 tutanda
539 1097 682 1134 fortiter
721 1105 845 1134 castra
890 1098 1060 1135 animum
1098 1098 1324 1134 habuerunt.
1398 1097 1491 1133 Dies

204 1158 465 1199 “‘noctesque
502 1149 641 1198 aliquot
676 1149 832 1197 obsessi,
875 1151 1011 1187 vallum
1058 1151 1184 1198 armis,
1213 1162 1253 1187 se
1282 1150 1352 1199 ipsi
1381 1150 1490 1186 tutati

204 1203 359 1240 “‘vallo
387 1209 503 1240 sunt:
551 1202 704 1239 tandem
734 1203 865 1239 ultima
894 1203 974 1239 ausi
1003 1203 1188 1252 passique,
1219 1215 1334 1251 quum
1363 1202 1492 1239 omnia

206 1255 430 1292 “‘subsidia
457 1254 541 1292 vitae
570 1255 757 1301 abessent,
798 1255 1017 1304 affectisque
1056 1255 1155 1292 fame
1194 1254 1347 1298 viribus,
1388 1267 1492 1291 arma

205 1308 338 1357 “‘jam
367 1307 554 1345 sustinere
583 1307 794 1356 nequirent,
833 1307 1124 1344 necessitatibus
1151 1307 1272 1356 magis
1301 1307 1490 1350 humanis,

205 1359 377 1409 “‘quam
397 1359 522 1407 armis,
542 1360 632 1397 victi
653 1360 767 1396 sunt.’
823 1360 918 1397 Orto
937 1360 1027 1404 sole,
1050 1360 1166 1397 hostis
1189 1361 1235 1396 ad
1269 1360 1406 1396 vallum
1428 1372 1492 1396 ac-

205 1418 228 1436 “
240 1413 379 1450 cessit:
409 1419 496 1449 ante
516 1412 724 1449 secundam
754 1413 898 1460 horam,
928 1413 1070 1449 nullam
1100 1412 1290 1449 fortunam
1320 1412 1492 1449 certami-

205 1472 227 1488 “
240 1465 300 1502 nis
319 1465 475 1514 experti,
504 1465 741 1502 tradiderunt
769 1478 872 1501 arma
905 1478 950 1502 ac
969 1478 1009 1502 se
1030 1465 1140 1515 ipsos.
1198 1465 1295 1502 Haec
1315 1465 1419 1502 vobis
1438 1464 1492 1513 ip-

205 1523 369 1554 “sorum
396 1529 463 1566 per
500 1516 654 1553 biduum
694 1517 828 1554 militia
857 1517 956 1554 fuit:
1003 1530 1118 1566 quum
1139 1518 1178 1554 in
1209 1518 1291 1554 acie
1320 1524 1417 1554 stare
1447 1529 1492 1553 ac

205 1572 412 1619 “pugnare
444 1569 636 1615 decuerat,
656 1576 736 1606 tum
766 1570 804 1606 in
834 1577 957 1607 castra
985 1570 1234 1619 refugerunt:
1276 1582 1392 1618 quum
1425 1582 1492 1618 pro

206 1622 340 1658 “vallo
358 1622 606 1671 pugnandum
626 1629 717 1668 erat,
748 1629 872 1659 castra
905 1622 1154 1667 tradiderunt,
1189 1634 1312 1671 neque
1343 1622 1381 1659 in
1408 1621 1491 1658 acie

207 1676 367 1722 “neque
387 1674 426 1710 in
445 1674 579 1711 castris
598 1675 719 1711 utiles.
776 1675 855 1711 Vos
880 1675 1064 1711 redimam
1082 1676 1096 1711 2
1143 1687 1260 1723 quum
1293 1686 1492 1723 erumpere

206 1727 231 1749 “
244 1726 377 1763 castris
395 1732 553 1774 oportet,
573 1727 808 1763 cunctamini
828 1739 873 1764 ac
889 1727 1050 1764 manetis
1068 1740 1076 1764 :
1095 1740 1210 1775 quum
1226 1739 1394 1770 manere,
1412 1739 1493 1763 cas-

207 1780 301 1815 “tra
319 1778 431 1815 tutari
451 1777 565 1814 armis
584 1791 742 1815 necesse
763 1785 832 1822 est,
854 1788 892 1815 et
924 1786 1047 1816 castra
1065 1786 1103 1816 et
1128 1792 1233 1815 arma
1251 1786 1289 1816 et
1308 1791 1372 1816 vos
1393 1778 1492 1828 ipsos

207 1830 391 1868 “traditis
424 1830 534 1867 hosti.
589 1830 673 1880 Ego
710 1844 786 1868 non
816 1831 937 1880 magis
966 1832 1057 1868 istos
1086 1832 1340 1877 redimendos,
1362 1831 1492 1868 Patres

206 1885 232 1906 “
245 1882 462 1931 conscripti,
485 1895 635 1928 censeo,
657 1884 769 1931 quam
790 1884 871 1920 illos
890 1884 1086 1921 dedendos
1105 1884 1329 1931 Hannibali,
1344 1883 1407 1932 qui
1426 1896 1492 1932 per

206 1937 232 1959 “
247 1935 392 1972 medios
411 1935 535 1971 hostes
554 1947 575 1971 e
595 1936 728 1972 castris
758 1943 976 1984 eruperunt,
1003 1949 1048 1973 ac
1080 1949 1146 1986 per
1172 1949 1360 1973 summam
1380 1936 1493 1973 virtu-

206 1990 321 2025 “tem
341 2000 380 2024 se
399 1987 528 2037 patriae
548 1988 834 2025 restituerunt.”

259 2092 367 2130 LXI.
396 2092 599 2141 Postquam
620 2092 788 2131 Manlius
810 2093 917 2138 dixit,
939 2107 1164 2143 quamquam
1180 2094 1333 2131 Patrum
1346 2107 1492 2143 quoque

206 2145 403 2195 plerosque
423 2145 560 2194 captivi
580 2147 806 2195 cognatione
837 2147 1087 2196 attingebant,
1115 2154 1250 2196 praeter
1278 2147 1492 2196 exemplum

207 2197 369 2235 civitatis
387 2197 542 2234 minime
564 2197 602 2234 in
622 2199 788 2248 captivos
814 2199 891 2249 jam
913 2200 1001 2236 inde
1022 2199 1227 2248 antiquitus
1247 2199 1492 2249 indulgentis,

208 2250 381 2299 pecuniae
400 2262 547 2299 quoque
567 2263 716 2288 summa
737 2252 910 2289 homines
930 2252 1044 2289 movit
1062 2265 1069 2288 :
1112 2252 1201 2301 quia
1225 2264 1299 2289 nec
1320 2252 1492 2289 aerarium

208 2302 419 2348 exhaurire,
441 2304 577 2351 magna
603 2303 680 2352 jam
701 2305 847 2341 summa
867 2305 1022 2354 erogata
1051 2304 1089 2341 in
1109 2317 1235 2342 servos
1253 2305 1300 2341 ad
1322 2304 1493 2341 militiam

165 2369 197 2394 40
209 2355 392 2391 emendos
422 2355 709 2404 armandosque,
736 2370 808 2394 nec
829 2357 1100 2401 Hannibalern,
1135 2357 1300 2394 maxime
1335 2356 1493 2405 hujusce

209 2407 262 2443 rei
283 2405 344 2456 (ut
364 2407 462 2443 fama
481 2409 578 2459 erat)
600 2416 789 2456 egentem,
810 2410 1029 2459 locupletari
1050 2410 1236 2447 volebant.
1265 2409 1398 2448 Quum
1412 2408 1495 2444 tris-

209 2466 246 2496 te
266 2471 499 2508 responsum,
529 2461 552 2481 “
571 2472 645 2549 mg]
666 2461 800 2499 redimi
828 2462 1034 2511 captivos‚''
1055 2462 1245 2499 redditum
1277 2467 1389 2508 esset,
1432 2471 1495 2496 no-
