1617 2765
154 210 225 248 100
672 208 762 240 T1T1
786 209 895 240 Lrvu

203 303 287 341 LV.
317 303 387 340 Per
407 303 632 353 interregem
663 304 800 340 deinde
830 304 1003 341 consules
1024 305 1152 348 creati,
1174 304 1217 341 L.
1240 304 1473 349 Valerius,
1440 324 1473 366 'F

152 356 205 394 M.
226 355 426 401 Horatius,
457 356 518 404 qui
539 356 729 414 extemplo
755 357 1013 404 magistratum
1041 365 1294 417 occeperunt:
1341 370 1428 405 quo·
1449 381 1466 408 ς,

152 421 232 445 rum
249 408 466 445 consulatus
485 409 672 456 popularis
701 409 783 444 sine
817 408 890 444 ulla
911 408 1092 444 Patrum
1084 409 1234 457 1njuria‚
1255 422 1326 445 nec
1347 410 1428 445 sine
1449 420 1474 451 <g

150 461 357 498 offensione
379 461 468 496 fuit:
497 461 677 508 quidquid
706 460 808 496 enim
837 460 996 496 libertati
1018 461 1136 508 plebis
1155 470 1362 508 cav·,eretu1
1392 453 1474 497 iti-‘¹

151 513 228 550 suis
247 513 433 549 decedere
457 513 591 560 opibus
624 513 841 549 credebant.
897 512 1081 549 Omnium
1110 513 1285 560 primum,
1314 492 1466 560 qdum·

151 565 294 602 veluti
287 578 323 601 in
344 572 582 601 controverso
606 565 690 613 jure
710 573 821 608 esset,
844 572 1112 601 tenerenturne
1146 564 1275 601 Patres
1295 565 1431 612 plebis·
1452 555 1475 608 Ξ

151 618 265 662 scitis,
287 617 408 666 legem
429 617 648 653 centuriatis
668 617 831 653 comitiis
860 617 989 662 tulere,
1022 621 1044 639 “
1062 617 1123 659 Ut,
1143 617 1242 665 quod
1263 617 1428 653 tributim
1443 612 1476 664 Ξ

151 673 176 692 “
192 670 320 718 plebes
344 669 526 718 jussisset,
559 669 736 718 populum
767 677 934 705 teneret.
1017 682 1089 717 qua
1109 669 1192 717 lege
1218 669 1431 705 tribuniciis

151 722 408 769 rogationibus
436 722 550 758 telum
581 722 806 757 acerrimum
836 721 964 757 datum
993 729 1061 757 est.
1136 721 1262 757 Aliam
1291 721 1430 757 deinde

151 774 386 811 consularem
408 773 530 821 legem
551 773 597 809 de
617 772 893 820 provocatione,
915 773 1069 809 unicum
1090 773 1303 821 praesidium
1323 773 1432 809 liber·
1446 782 1476 806 10

152 826 248 871 tatis,
285 825 525 861 decemvirali
556 832 736 873 potestate
765 837 944 869 eversam,
975 837 1049 861 non
1078 825 1280 860 restituunt
1308 823 1430 868 modo,

151 878 216 913 sed
251 877 363 913 etiam
394 877 432 913 in
460 885 649 925 posterum
679 877 868 922 muniunt,
898 877 1105 913 sanciendo
1132 889 1266 913 novam
1296 876 1430 925 legem,

151 935 175 953 ‘⁶
191 929 252 966 Ne
272 929 354 977 quis
373 929 488 965 ullum
511 929 766 977 magistratum
788 929 869 965 sine
889 929 1152 978 provocatione
1172 936 1338 965 crearet:
1368 929 1431 976 qui

151 986 175 1004 “
189 982 367 1027 creasset,
387 994 474 1017 eum
490 981 551 1030 jus
572 982 699 1028 sasque
718 989 817 1017 esset
835 982 960 1017 occidi
979 995 986 1018 :
1015 994 1109 1017 neve
1129 994 1174 1017 ea
1192 981 1315 1017 caedes
1331 981 1432 1038 capi-

152 1034 273 1070 “talis
292 1046 399 1070 noxae
420 1033 631 1070 haberetur.
636 1033 658 1049 '’
716 1033 765 1069 Et
783 1046 898 1090 quum
919 1033 1067 1081 plebem
1094 1033 1183 1070 hinc
1203 1033 1432 1090 provocatio-
1447 1042 1477 1066 15

151 1099 211 1131 ne,
232 1086 322 1122 hinc
342 1085 545 1122 tribunicio
566 1085 704 1122 auxilio
723 1086 811 1121 satis
832 1085 1053 1128 firmassent,
1085 1085 1175 1134 ipsis
1203 1098 1349 1146 quoque
1370 1085 1432 1121 tri-

151 1138 276 1185 bunis,
305 1145 345 1174 ut
364 1138 593 1174 sacrosancti
624 1138 839 1173 viderentur
869 1137 998 1186 (cujus
1028 1138 1081 1174 rei
1109 1150 1223 1186 prope
1250 1150 1327 1186 Jam
1357 1150 1433 1173 me-

151 1190 269 1226 moria
306 1190 557 1251 aboleverat),
589 1189 715 1226 relatis
743 1190 967 1237 quibusdam
997 1202 1044 1226 ex
1073 1202 1211 1238 magno
1238 1189 1433 1226 intervallo

151 1242 391 1288 caerimoniis,
424 1242 675 1286 renovarunt3
719 1249 755 1278 et
773 1255 888 1290 quum
917 1242 1100 1291 religione
1129 1241 1326 1277 inviolatos
1352 1253 1430 1284 eos,

151 1301 230 1330 turn
266 1294 350 1342 lege
389 1294 502 1330 etiam
541 1294 725 1337 fecerunt,
766 1294 986 1337 sanciendo,
1034 1299 1057 1317 “
1072 1294 1133 1337 Ut,
1172 1293 1234 1341 qui
1272 1293 1478 1329 tribunis-zo

152 1349 178 1369 “
194 1346 326 1395 plebis,
348 1345 530 1392 aedilibus,
556 1346 762 1395 judicibus,
788 1346 1011 1382 decemviris
1037 1345 1241 1388 nocuisset,
1271 1345 1352 1394 ejus
1371 1358 1434 1381 ca-

153 1401 178 1422 “
193 1406 259 1448 put
279 1398 363 1435 Jovi
392 1411 541 1435 sacrum
570 1405 689 1435 esset:
730 1398 872 1436 familia
900 1399 947 1435 ad
967 1398 1086 1435 aedem
1106 1398 1267 1444 Cereris,
1291 1397 1431 1444 Liberi,

153 1451 416 1500 “Liberaeque
446 1464 584 1488 venum
613 1451 721 1488 iret.”
791 1452 876 1489 Hac
905 1452 989 1501 lege
1015 1452 1109 1501 juris
1128 1452 1350 1500 interpretes
1369 1463 1434 1487 ne·

152 1511 244 1553 gant
262 1517 485 1552 quemquam
521 1511 804 1541 sacrosanctum
833 1517 940 1541 esse:
987 1504 1053 1540 sed
1083 1516 1182 1548 eum,
1211 1503 1274 1551 qui
1303 1515 1432 1539 eorum

153 1556 330 1604 cuiquam
350 1556 534 1599 nocuerit,
556 1569 705 1592 sacrum
725 1556 877 1592 sanciri.
934 1556 1066 1604 Itaque
1096 1534 1242 1592 aedilem
1275 1555 1479 1603 prelum-2⁵

153 1608 191 1644 di
212 1608 374 1656 ducique
404 1620 426 1644 a
454 1609 656 1657 majoribus
685 1608 989 1657 magistratibus:
1031 1608 1128 1656 quod
1149 1607 1219 1644 etsi
1248 1620 1324 1643 non
1349 1607 1434 1655 jure

153 1660 217 1696 fiat
247 1659 395 1710 (noceri
424 1660 524 1697 enim
546 1661 594 1707 ei,
626 1660 687 1697 cui
717 1660 788 1696 hac
817 1660 900 1709 lege
919 1673 995 1697 non
1015 1660 1160 1709 liceat),
1181 1666 1307 1696 tamen
1327 1671 1436 1707 argu-

154 1720 323 1748 mentum
344 1725 439 1755 esse,
461 1725 535 1749 non
556 1712 685 1748 haberi
705 1725 771 1760 pro
790 1720 1030 1749 sacrosancto
1051 1712 1196 1748 aedilem
1215 1724 1224 1747 :
1264 1711 1435 1748 tribunos

154 1772 277 1801 vetere
294 1764 539 1814 jurejurando
558 1765 690 1813 plebis,
706 1777 822 1812 quum
842 1764 1001 1813 primum
1013 1777 1097 1801 eam
1117 1771 1337 1813 potestatem
1356 1775 1436 1799 cre-

154 1817 243 1860 avit,
265 1824 525 1853 sacrosanctos
544 1830 639 1853 esse.
697 1816 835 1860 Fuere,
856 1817 919 1865 qui
932 1817 1278 1866 interpretarentur,
1299 1815 1433 1851 eadem
1448 1821 1481 1845 30

155 1869 226 1905 hac
248 1869 406 1905 Horatia
426 1869 509 1918 lege
529 1869 747 1905 consulibus
775 1882 921 1917 quoque
953 1878 991 1906 et
1020 1868 1249 1917 praetoribus,
1269 1867 1356 1915 quia
1375 1867 1436 1903 iis-

153 1921 240 1957 dem
268 1921 459 1969 auspiciis,
487 1921 623 1968 quibus
659 1921 850 1966 consules,
881 1928 1111 1963 crearentur,
1141 1927 1294 1956 cautum
1323 1931 1434 1955 esse:

152 1973 320 2021 judicem
349 1973 452 2009 enim
481 1973 675 2009 consulem
706 1972 909 2021 appellari:
938 1985 1020 2021 quae
1049 1972 1228 2009 refellitur
1258 1971 1437 2020 interpre-

156 2025 258 2070 tatio,
278 2024 376 2073 quod
399 2025 456 2061 his
475 2025 705 2073 temporibus
734 2025 901 2061 nondum
932 2024 1125 2061 consulem
1151 2023 1335 2073 judicem,
1369 2023 1434 2059 sed

155 2085 364 2125 praetorem‚
386 2077 564 2126 appellari
586 2090 664 2113 mos
685 2077 806 2113 fuerit.
863 2076 935 2113 Hae
954 2077 1171 2114 consulares
1196 2076 1299 2125 leges
1320 2076 1434 2111 fuere.
1448 2081 1482 2106 35

156 2129 375 2166 Institutum
391 2130 504 2166 etiam
518 2130 707 2166 abiisdem
720 2129 953 2172 consulibus,
978 2137 1016 2166 ut
1040 2127 1436 2165 senatus-consultam

157 2182 274 2217 aedem
296 2182 448 2218 Cereris
468 2183 514 2218 ad
536 2182 663 2218 aediles
691 2181 810 2230 plebis
839 2181 1096 2226 deferrentur;
1137 2193 1218 2229 quae
1251 2188 1362 2216 antea
1382 2193 1437 2216 ar-

156 2233 265 2270 bitrio
284 2234 483 2270 consulum
512 2234 839 2282 supprimebantur
864 2231 1182 2282 'vitiabanturqua
1239 2231 1294 2268 M.
1316 2231 1437 2268 Duili-

156 2298 200 2321 us
219 2286 370 2329 deinde,
392 2287 564 2322 tribunus
584 2287 716 2335 plebis,
735 2285 882 2334 plebem
903 2286 1059 2334 rogavit,
1079 2286 1281 2334 plebesque
1302 2285 1435 2321 scivit:

157 2338 260 2386 “qui
280 2338 427 2386 plebem
458 2339 539 2374 sine
569 2338 728 2374 tribunis
757 2338 980 2386 reliquisset,
1010 2338 1146 2386 quique
1177 2337 1434 2385 magistratum
1449 2343 1480 2368 4⁰

157 2391 275 2426 “sine
304 2391 567 2439 provocatione
597 2391 774 2433 creasset,
817 2397 922 2439 tergo
964 2403 1008 2427 ac
1051 2391 1173 2439 capite
1202 2389 1434 2438 puniretur.''

129 2475 134 2478 .
158 2443 254 2479 Haec
292 2442 420 2479 orn-nia
458 2451 498 2479 ut
538 2443 675 2489 invitis,
719 2443 769 2478 ita
814 2455 888 2479 non
932 2443 1228 2488 adversantibus,
1271 2440 1437 2489 patriciis

159 2502 345 2532 transacta
356 2508 365 2540 5
394 2495 481 2544 quia
500 2495 667 2532 nondum
688 2495 725 2531 in
745 2507 970 2544 quemquam
990 2508 1108 2532 unum
1128 2493 1359 2531 saeviebatur.
