1617 2765
150 195 203 234 94
683 193 775 226 'r1T1
797 193 910 224 leu

151 288 323 326 “tricem
343 288 568 338 percontari,
587 288 676 337 quid
695 288 767 324 hoc
787 288 840 324 rei
870 288 943 332 sit3
989 295 1041 334 ut,
1071 288 1102 324 si
1123 287 1213 324 fals&
1232 294 1336 336 pater
1355 288 1433 326 dic-

152 344 250 378 “tus
277 354 374 387 sum,
404 341 564 389 aequiore
603 341 693 376 hinc
722 340 848 377 animo
876 341 1108 376 discedam.'’
1181 340 1277 376 Data
1309 341 1431 384 venia,

153 394 301 431 seducit
319 393 433 430 filiam
454 405 499 429 ac
518 393 704 429 nutricem
733 405 846 440 prope
866 392 1058 429 Cloacinae
1079 393 1124 428 ad
1144 393 1330 435 tabernas,
1352 393 1434 441 qui-

152 447 223 484 bus
243 458 346 483 nunc
365 445 485 482 Novis
503 452 560 481 est
575 457 737 481 nornen:
780 452 889 492 atque
910 445 961 481 ibi
981 445 1027 480 ab
1051 445 1151 482 lanio
1171 445 1290 481 cultro
1310 457 1433 493 arrep-

151 506 202 546 to,
221 500 245 521 “
263 498 349 535 Hoc
369 509 405 534 te
426 510 514 539 uno,
535 509 609 545 quo
640 497 833 545 possum,”
871 497 934 542 ait,
971 499 994 518 “
1009 498 1131 540 modo,
1153 497 1241 539 filia,
1263 496 1301 532 in
1322 497 1433 533 liber·
1460 508 1478 533 5

149 553 305 589 “tatem
336 549 523 586 vindico.''
595 548 733 585 Pectus
771 549 909 585 deinde
951 549 1084 598 puellae
1122 548 1330 597 transfigit;
1378 561 1433 585 re-

149 611 400 653 spectansque
429 602 476 638 ad
504 601 681 644 tribunal,
710 600 852 644 “Te‚”
891 601 1022 650 inquit,
1064 603 1089 623 “
1109 601 1223 650 Appi,
1252 609 1432 649 tuumque

149 658 172 679 ‘¹
189 663 303 705 caput
338 654 525 703 sanguine
558 654 630 690 hoc
659 654 876 690 consecro.''
948 654 1122 690 Clamore
1159 654 1204 689 ad
1233 660 1307 689 tarn
1329 660 1433 690 atrox

150 709 300 745 facinus
318 714 398 744 orto
417 706 564 742 excitus
583 705 743 753 Appius,
778 706 1048 753 comprehendi
1069 705 1285 754 Virginium
1301 705 1430 754 jubet:

149 761 211 797 1lle
232 760 342 805 ferro,
361 759 599 806 quacumque
621 757 709 799 ibat,
731 757 828 792 viam
851 757 1001 801 faceret,
1035 757 1170 800 donec,
1192 757 1431 793 multitudine
1448 770 1478 794 10

149 813 262 849 etiam
292 810 598 860 prosequentium
627 815 770 854 tuente,
806 809 852 845 ad
888 816 1032 857 portam
1069 810 1242 857 perrexit.
1302 809 1433 845 Icilius

149 863 462 910 Numitoriusque
482 874 678 910 exsangue
699 874 834 910 corpus
854 861 1042 897 sublatum
1061 868 1252 898 ostentant
1273 860 1431 909 populo:

149 917 273 954 scelus
292 915 421 964 Appii,
442 914 576 964 puellae
605 913 796 950 infelicem
826 913 996 960 formam,
1024 913 1288 950 necessitatem
1318 913 1433 961 patris

149 969 358 1018 deplorant.
415 968 626 1015 Sequentes
654 966 848 1002 clamitant
868 973 1060 1009 matronae,
1091 971 1115 989 “
1132 965 1279 1002 Eamne
1300 965 1433 1002 libero-

149 1023 274 1058 “rum
306 1019 624 1069 procreandorum
653 1018 940 1054 conditionem?
982 1031 1027 1054 ea
1059 1018 1250 1066 pudicitioe
1279 1017 1477 1066 praemia15

149 1075 174 1096 “
190 1086 272 1110 esse
290 1074 304 1109 ’ἔ
319 1073 339 1089 '’
370 1079 593 1119 caeteraque,
614 1083 696 1118 quae
725 1070 763 1106 in
783 1070 847 1106 tali
876 1083 915 1106 re
935 1070 1128 1106 muliebris
1147 1070 1264 1117 dolor,
1284 1069 1356 1117 quo
1376 1077 1433 1106 est

149 1126 315 1163 moestior
335 1123 525 1161 imbecillo
544 1123 683 1166 animo,
717 1122 762 1158 eo
796 1123 1023 1159 miserabilia
1050 1122 1170 1171 magis
1189 1121 1434 1170 querentibus

150 1177 314 1226 subjicit.
384 1176 574 1221 Virorum,
609 1183 647 1211 et
676 1175 837 1211 maxime}
872 1175 985 1220 Icilii,
1018 1187 1089 1211 vox
1110 1181 1199 1220 tota,
1219 1173 1433 1210 tribuniciae

149 1229 343 1280 potestatis
361 1240 406 1264 ac
426 1227 703 1276 provocationis
722 1227 768 1263 ad
801 1227 980 1276 populum
1010 1233 1162 1276 ereptae,
1181 1225 1434 1275 publicarum-

150 1295 222 1332 que
241 1280 559 1331 indignationum,
579 1286 670 1316 erat.
1445 1288 1479 1314 ἑο

202 1386 352 1424 XLIX.
393 1385 616 1422 Concitatur
651 1384 851 1422 multitudo
879 1384 1012 1433 partim
1041 1382 1236 1421 atrocitate
1264 1382 1431 1427 sceleris,

150 1440 285 1490 partim
314 1451 378 1487 spe
406 1451 471 1487 per
499 1438 741 1475 occasionem
774 1437 989 1485 repetendae:
1016 1435 1210 1472 libertatis.
1285 1435 1434 1483 Appius

150 1505 255 1529 nunc
274 1491 399 1528 vocari
433 1490 598 1536 Icilium,
627 1502 731 1526 nunc
752 1496 1018 1525 retractantem
1048 1488 1181 1536 arripi3
1231 1485 1432 1535 postremd,

150 1557 265 1593 quurn
294 1544 400 1580 locus
431 1542 596 1578 adeundi
630 1541 902 1590 apparitoribus
930 1552 1006 1576 non
1026 1539 1189 1582 daretur,
1220 1538 1315 1586 ipse,
1346 1550 1433 1574 cum

151 1596 303 1645 agmine
322 1594 563 1644 patriciorum
580 1594 762 1643 juvenum
781 1605 846 1641 per
874 1592 1021 1628 turbam
1051 1591 1205 1636 vadens,
1226 1591 1264 1626 in
1285 1590 1479 1626 vincula25

151 1649 239 1685 duci
265 1648 383 1697 jubet.
456 1646 543 1682 Jam
576 1646 679 1682 circa
708 1645 857 1681 Icilium
878 1656 954 1680 non
981 1644 1104 1680 solum
1126 1642 1338 1684 multitudo,
1368 1642 1434 1679 sed

151 1701 269 1737 duces
289 1711 435 1748 quoque
456 1698 708 1734 multitudinis
727 1704 834 1733 erant
855 1696 897 1732 L.
919 1696 1094 1732 Valerius
1113 1702 1151 1730 et
1172 1694 1224 1730 M.
1240 1693 1433 1737 Horatius,

151 1753 228 1801 qui,
251 1751 398 1800 repulso
428 1750 572 1796 lictore,
601 1749 632 1786 si
665 1749 748 1798 jure
782 1755 923 1797 ageret,
954 1747 1147 1784 vindicare
1176 1759 1215 1783 se
1245 1759 1265 1782 a
1294 1746 1435 1794 privato

152 1805 304 1841 Icilium
337 1803 516 1846 aiebant3
563 1802 593 1838 si
623 1802 696 1838 vim
727 1801 859 1837 afferre
888 1806 1102 1846 conaretur,
1141 1799 1191 1835 ibi
1220 1810 1366 1846 quoque
1395 1809 1435 1834 se

152 1857 252 1893 haud
274 1857 434 1904 impares
456 1854 544 1891 fore.
602 1854 706 1890 Hinc
726 1861 831 1889 atrox
860 1852 939 1888 rixa
957 1852 1083 1888 oritur.
1141 1851 1336 1887 Valerium
1360 1849 1436 1886 Ho-
1448 1860 1480 1886 3ο

152 1909 365 1956 ratiumque
385 1907 493 1943 lictor
513 1905 717 1942 decemviri
738 1905 880 1940 invadit
897 1917 905 1940 ε
946 1904 1169 1951 franguntur
1190 1915 1211 1938 a
1230 1901 1436 1937 multitudi-

152 1973 201 1997 ne
238 1961 373 1997 fasces.
443 1958 490 1994 In
519 1957 743 1994 concionem
783 1956 931 2004 Appius
960 1955 1182 1990 adscendit:
1230 1960 1436 2001 sequuntur

154 2012 335 2049 Horatius
364 2010 641 2058 Valeriusque:
687 2021 752 2044 eos
787 2007 922 2044 concio
952 2007 1086 2042 audit:
1133 2006 1346 2042 decemviro
1373 2005 1437 2041 ob-

154 2065 341 2114 strepitur.
415 2063 501 2099 Jam
530 2074 596 2110 pro
626 2060 781 2109 imperio
820 2059 994 2096 Valerius
1022 2058 1218 2094 discedere
1247 2070 1269 2093 a
1295 2057 1437 2106 privato

154 2117 306 2153 lictores
331 2115 510 2164 jubebat3
540 2126 668 2162 quum,
689 2112 816 2148 fractis
837 2111 984 2155 animis,
1014 2111 1174 2159 AppiuS‚
1209 2110 1291 2146 vitre
1318 2117 1483 2147 metu-35

155 2181 235 2212 ens,
256 2168 293 2204 in
315 2168 469 2204 domum
488 2179 528 2203 se
548 2165 792 2214 propinquam
816 2163 906 2210 soro,
936 2163 1065 2199 insciis
1085 2162 1318 2204 adversariis,
1339 2161 1439 2210 capi-

155 2228 191 2257 te
211 2220 399 2265 obvoluto‚
420 2219 574 2267 recepit.
631 2218 695 2266 Sp.
716 2216 875 2264 Oppius,
910 2223 951 2251 ut
983 2215 1121 2251 auxilio
1150 2214 1305 2262 collegae
1325 2220 1437 2256 esset,

156 2273 195 2309 in
218 2272 337 2309 forum
353 2284 402 2307 ex
423 2271 535 2306 altera
556 2277 659 2318 parte
681 2268 874 2316 irrumpit:
904 2267 1004 2303 videt
1020 2267 1217 2315 imperium
1234 2267 1268 2302 vi
1286 2266 1437 2302 victum.

157 2324 337 2373 Agitatus
356 2323 494 2359 deinde
521 2321 700 2365 consiliis,
731 2328 840 2368 atque
860 2332 907 2356 ex
934 2319 1036 2356 omni
1066 2326 1168 2367 parte
1198 2317 1439 2354 assentiendo

159 2376 288 2413 multis
307 2375 523 2411 auctoribus
542 2374 720 2422 trepidus,
754 2379 925 2408 senatum
959 2370 1144 2420 postremo
1164 2370 1288 2407 vocari
1317 2369 1436 2419 jussit.
1452 2382 1484 2407 4ο

162 2428 219 2465 Ea
239 2440 310 2470 res,
343 2426 441 2475 quod
472 2438 618 2474 magna:
651 2425 745 2473 parti
781 2425 931 2460 Patrum
961 2423 1159 2471 displicere
1189 2430 1272 2458 acta
1291 2422 1440 2458 decern-

160 2480 325 2518 virorum
354 2478 587 2523 videbantur,
622 2490 686 2526 spe
715 2489 779 2525 per
817 2483 988 2512 senatum
1026 2475 1202 2512 finienda}
1247 2472 1441 2524 potcstatis
