1638 2765
667 141 804 171 LIBER
828 141 852 170 1.
884 150 964 171 CAP.
983 150 1029 170 ιν.
1461 143 1486 180 7

208 237 359 275 Creusa
388 243 504 273 matre
534 235 604 272 Ilio
632 235 812 271 incolumi
842 242 964 278 natus,
986 247 1186 282 comesque
1213 235 1300 271 inde
1321 243 1485 284 paternae

208 289 446 338 sugae,quem
467 288 590 324 Iulum
611 287 786 323 eumdem
808 287 910 323 Julia
928 300 1021 335 gens
1042 295 1232 323 auctorem
1250 289 1412 324 nominis
1428 288 1485 324 sui

207 347 418 389 nuncupat.
475 340 513 376 Is
543 339 747 381 Ascanius,
775 339 1004 387 ubicumque
1034 346 1071 375 et
1100 339 1336 386 quacumque
1368 348 1485 376 matre

206 392 362 441 genitus
392 392 512 440 (certe
546 400 674 428 natum
709 391 835 427 AEnea
873 393 1051 441 constat),
1082 391 1297 426 abundante
1337 391 1485 428 Lavinii

178 444 464 487 5multitudine,
486 443 679 480 florentem
701 443 778 491 jam
801 443 859 492 (ut
878 450 956 479 tum
979 456 1037 478 res
1051 444 1180 492 erant)
1203 450 1311 490 atque
1331 444 1486 491 opulen-

207 503 282 532 tam
303 496 435 532 urbem
466 495 588 538 matri,
609 508 674 530 seu
706 508 890 540 novercae,
912 495 1082 542 reliquit:
1112 507 1244 530 novam
1275 495 1352 542 ipse
1374 495 1484 531 aliam

209 548 279 584 sub
300 548 451 584 Albano
471 555 597 583 monte
618 547 810 590 condidit3
840 560 935 594 quae,
956 547 1002 582 ab
1023 547 1093 582 situ
1117 554 1297 594 porrectae
1318 548 1354 582 in
1377 547 1486 583 dorso

207 599 321 644 urbis,
357 600 488 647 Longa
517 599 618 635 Alba
646 599 842 647 appellata.
909 599 1012 634 lnter
1052 598 1249 634 Lavinium
1280 606 1317 634 et
1347 599 1484 635 Albam

207 651 378 699 Longam
399 651 584 687 coloniam
606 651 807 686 deductam
829 650 981 699 triginta
1002 650 1116 686 ferme
1138 650 1342 686 interfuere
1368 652 1456 687 anni
1476 664 1483 687 2

163 714 194 738 10
209 703 355 740 tantum
377 710 503 739 tamen
532 715 621 751 opes
650 711 857 744 creverant,
879 703 1038 738 maxim&
1063 703 1153 738 fusis
1175 702 1354 747 Etruscis,
1377 711 1417 739 ut
1437 716 1484 739 ne

208 762 326 792 morte
346 755 497 803 quidem
529 755 675 801 ASneae,
697 768 768 790 nec
789 755 925 791 deinde
956 755 1051 791 inter
1081 755 1301 790 muliebrem
1329 756 1482 791 tutelam

207 808 535 854 rudimentumque
565 807 725 854 primum
755 807 908 855 puerilis
946 807 1065 855 regni,
1097 819 1244 842 movere
1284 820 1386 843 arma
1420 817 1484 844 aut

207 858 426 895 Mezentius
455 859 694 906 Etruscique,
716 867 779 894 aut
799 859 862 894 ulli
893 859 954 894 alii
985 859 1123 894 accola?
1153 859 1233 894 ausi
1263 860 1348 895 sint.
1406 860 1483 896 Pax

207 911 258 947 ita
277 918 517 952 convenerat,
539 918 578 946 ut
600 910 770 946 Etruscis
799 911 1018 958 Latinisque
1040 911 1173 946 fluvius
1194 911 1332 946 Albula
1354 910 1482 959 (quem

163 973 194 997 15
208 975 310 998 nunc
345 962 515 998 Tiberim
549 964 701 1012 vocant)
723 962 808 997 finis
836 970 946 997 esset.
1005 963 1142 998 Silvius
1173 963 1310 998 deinde
1337 973 1482 1011 regnat,

206 1014 365 1050 Ascanii
387 1014 496 1058 filius,
518 1026 606 1050 casu
638 1014 798 1061 quodam
821 1014 858 1049 in
880 1014 980 1049 silvis
1002 1021 1122 1050 natus.
1180 1014 1218 1049 Is
1239 1015 1388 1050 AEnean
1413 1017 1483 1051 Sil-

205 1066 306 1102 vium
335 1073 462 1102 creat:
492 1066 522 1102 is
537 1066 686 1117 ¹deinde
717 1065 894 1102 Latinum
927 1066 1097 1102 Silvium.
1156 1067 1218 1102 Ab
1251 1079 1296 1102 eo
1324 1067 1481 1103 coloniae

205 1117 343 1166 aliquot
381 1118 565 1162 deductae,
606 1118 725 1154 Prisci
759 1118 884 1154 Latini
925 1118 1109 1166 appellati.
1174 1118 1316 1154 Mansit
1355 1119 1480 1155 Silviis

204 1177 332 1218 postea
361 1170 537 1206 omnibus
570 1183 795 1218 cognomen,
825 1171 887 1218 qui
920 1171 1027 1206 Albae
1057 1170 1275 1219 regnarunt.
1346 1171 1483 1207 Latino

160 1222 304 1258 20A1ba
322 1229 436 1267 ortus,
459 1222 559 1258 Alba
579 1223 687 1270 Atys,
710 1223 808 1270 Atye
829 1224 965 1270 Capys,
988 1223 1115 1271 Capye
1137 1223 1315 1271 Capetus,
1338 1224 1481 1271 Capeto

205 1273 434 1318 Tiberinus;
463 1274 537 1322 qui,
560 1274 597 1310 in
628 1275 784 1322 trajectu
810 1275 955 1310 Albulae
987 1276 1107 1310 amnis
1136 1276 1363 1320 submersus,
1385 1277 1475 1312 cele.

204 1325 269 1361 bre
290 1326 335 1361 ad
355 1335 522 1374 posteros
542 1339 679 1362 nomen
701 1326 844 1362 flumini
867 1327 980 1362 dedit.
1038 1328 1207 1375 Agrippa
1236 1328 1335 1372 inde,
1364 1328 1478 1364 Tibe-

204 1377 276 1413 rini
298 1377 417 1422 filius;
447 1386 529 1426 post
550 1379 756 1426 Agrippam
778 1379 966 1414 Romulus
987 1379 1137 1422 Silvius,
1160 1392 1181 1415 a
1200 1388 1302 1427 patre
1324 1389 1480 1427 accepto

205 1429 373 1477 imperio,
394 1437 537 1478 regnat.
597 1431 798 1473 Aventino,
820 1431 977 1466 fulmine
998 1431 1076 1478 ipse
1108 1432 1215 1476 ictus,
1237 1445 1394 1480 regnum
1416 1446 1480 1480 per

159 1489 337 1517 ffimanus
357 1482 533 1518 tradidit:
563 1482 604 1525 is,
627 1483 794 1530 sepultus
823 1483 860 1518 in
890 1495 935 1518 eo
964 1483 1072 1529 colle,
1092 1484 1153 1530 qui
1175 1496 1278 1519 nunc
1308 1492 1364 1520 est
1396 1498 1479 1532 pars

203 1532 389 1569 Romanae
419 1533 533 1580 urbis,
563 1546 774 1582 cognomen
805 1534 890 1570 colli
922 1534 1021 1570 fecit.
1079 1535 1198 1571 Proca
1231 1536 1369 1571 deinde
1399 1550 1479 1585 reg-

203 1591 287 1621 nat:
330 1585 361 1621 is
390 1585 627 1621 Numitorem
658 1594 768 1633 atque
798 1586 992 1622 Amulium
1023 1594 1204 1635 procreat.
1272 1588 1477 1631 Numitori,

202 1636 264 1683 qui
298 1636 421 1685 stirpis
450 1638 634 1674 maximus
662 1645 753 1684 erat,
784 1651 942 1687 regnum
974 1647 1160 1675 vetustum
1193 1640 1317 1676 Silviae
1355 1642 1479 1689 gentis

202 1687 313 1736 legat.
381 1688 467 1725 Plus
497 1697 621 1725 tamen
651 1691 705 1726 vis
734 1691 865 1738 potuit,
899 1691 1010 1738 quam
1051 1692 1220 1728 voluntas
1258 1693 1385 1740 patris,
1416 1701 1479 1729 ant

158 1741 432 1777 aovereeundia
470 1742 599 1778 aetatis.
667 1742 779 1778 Pulso
819 1743 942 1785 fratre,
973 1744 1149 1779 Amulius
1179 1752 1335 1792 regnat:
1375 1746 1478 1782 addit

204 1792 336 1828 sceleri
358 1793 502 1829 scelus:
532 1794 683 1842 stirpem
706 1795 827 1830 fratris
843 1795 986 1831 virilem
1008 1796 1209 1831 interimit:
1241 1796 1362 1833 fratris
1377 1797 1476 1840 filiae,

201 1843 324 1880 Rheae
354 1845 491 1887 Silviae,
521 1859 586 1894 per
616 1847 781 1894 speciem
823 1847 985 1889 lionoris,
1015 1860 1129 1895 quum
1170 1848 1359 1885 Vestalem
1393 1862 1477 1886 eam

201 1895 366 1944 legisset,
387 1898 568 1946 perpetua
588 1898 798 1947 virginitate
819 1912 923 1948 spem
944 1902 1068 1948 partus
1088 1900 1229 1936 adimit.

265 2000 333 2037 IV.
379 2002 454 2038 Sed
483 2003 703 2049 debebatur,
733 2011 773 2041 ut
800 2005 944 2053 opinor,
975 2006 1059 2042 satis
1087 2013 1199 2042 tantae
1228 2007 1332 2055 origo
1359 2007 1475 2054 urbis,

156 2053 429 2101 asmaximique
449 2056 658 2092 secundum
677 2056 842 2093 Deorum
860 2071 949 2106 opes
966 2058 1110 2106 imperii
1132 2059 1369 2107 principium.
1427 2061 1475 2097 Vi

201 2117 416 2154 compressa
443 2107 620 2154 Vestalis,
649 2121 763 2156 quum
794 2110 986 2158 geminum
1014 2118 1158 2159 partum
1189 2112 1381 2155 edidisset,
1407 2126 1474 2149 seu

202 2157 254 2194 ita
272 2164 363 2204 rata,
384 2171 449 2195 seu
469 2160 554 2207 quia
576 2160 680 2196 Deus
700 2169 829 2198 auctor
849 2163 969 2210 culpae
991 2163 1179 2199 honestior
1199 2171 1290 2206 erat,
1313 2164 1474 2201 Martem

202 2208 355 2246 ineertae
367 2211 491 2259 stirpis
503 2220 645 2260 patrem
667 2222 872 2262 nuncupat.
931 2216 1005 2251 Sed
1020 2228 1090 2251 nec
1113 2216 1187 2260 Dii,
1202 2229 1273 2252 nec
1291 2217 1473 2262 homines,

203 2268 266 2297 aut
285 2261 402 2309 ipsam
423 2270 486 2299 aut
506 2264 658 2312 stirpem
680 2278 700 2301 a
720 2267 940 2303 crudelitate
973 2268 1076 2315 regia
1107 2268 1322 2305 vindicant:
1352 2282 1475 2306 sacer-

156 2312 268 2351 4odos
288 2313 412 2350 vincta
430 2315 468 2351 in
490 2318 700 2367 custodiam
717 2319 842 2363 datur3
864 2332 997 2367 pueros
1019 2320 1054 2355 in
1073 2320 1318 2368 profluentem
1340 2335 1473 2370 aquam

200 2364 295 2400 mitti
329 2365 446 2413 jubet.
514 2368 625 2405 Forte
656 2371 817 2418 quadam
848 2372 1025 2408 divinitus
1054 2386 1163 2420 super
1193 2374 1290 2421 ripas
1320 2374 1473 2410 Tiberis

199 2416 339 2453 effusus
368 2417 514 2456 lenibus
543 2422 696 2470 stagnis,
728 2435 800 2459 nec
830 2424 921 2460 adiri
949 2437 1103 2473 usquam
1134 2426 1177 2462 ad
1205 2426 1295 2475 justi
1324 2438 1472 2462 cursum
