1617 2765
568 167 708 198 LIBER
731 166 889 197 XXXIV.
928 177 1008 198 CAP.
1028 177 1075 196 vi.
1382 167 1459 204 ‘255

177 262 302 314 “quid
331 263 482 301 tandem
512 261 596 298 novi
626 269 804 299 matronae
834 262 1018 307 fecerunt,
1047 260 1146 309 quod
1179 259 1391 309 frequentes
1421 261 1459 298 in

177 316 331 354 “causa
350 316 395 353 ad
416 327 454 351 se
474 314 686 363 pertinente
719 314 758 351 in
789 315 982 364 publicum
1002 314 1294 363 processerunt?
1350 314 1461 350 Nun-

177 368 324 417 “quam
362 374 449 404 ante
487 366 559 403 hoc
587 374 736 416 tempus
764 367 801 404 in
830 367 983 416 publico
1012 365 1297 415 apparuerunt?
1354 366 1461 402 Tuas

176 420 391 458 “adversus
426 427 463 457 te
505 420 515 441 ‘
541 420 752 468 Origines’
785 420 984 456 revolvam.
1059 417 1221 466 Accipe,
1249 417 1394 465 quoties
1424 418 1460 454 id

147 472 200 510 5“
213 472 386 520 fecerint,
414 479 452 509 et
478 473 630 521 quidem
652 485 798 521 semper
827 473 925 509 bono
957 471 1121 520 publico.
1177 469 1263 506 Jam
1284 481 1306 505 a
1325 470 1463 518 princi-

175 525 199 546 “
213 526 286 574 pio,
306 532 489 575 regnante
509 525 686 570 Romulo,
707 538 837 573 quum,
863 524 1051 574 Capitolio
1080 523 1127 559 ab
1157 521 1309 559 Sabinis
1339 530 1461 571 capto,

174 577 338 615 “medio
357 578 395 614 in
416 577 494 614 foro
513 577 631 626 signis
650 577 794 614 collatis
814 577 1070 622 dimicaretur,
1090 587 1218 612 nonne
1249 575 1462 611 intercursu

174 630 199 651 “
212 637 465 668 matronarum
487 630 582 667 inter
603 630 705 666 acies
724 630 818 666 duas
834 630 1004 678 proelium
1022 629 1195 665 sedatum
1211 634 1268 664 est
1285 628 1298 662 ‘l
1328 626 1463 666 Quid?

173 683 364 732 “regibus
393 682 549 726 exactis,
580 695 708 731 quum,
740 683 943 719 Coriolano
973 682 1120 718 Marcio
1150 681 1262 723 duce,
1292 679 1464 728 legiones

131 745 161 770 10
174 736 198 757 “
211 735 437 772 Volscorum
457 742 580 772 castra
605 735 651 771 ad
682 735 855 784 quintum
885 735 1049 784 lapidem
1079 733 1304 783 posuissent,
1334 745 1463 769 nonne

173 787 249 824 “id
279 800 429 837 agmen,
458 800 532 836 quo
559 788 693 824 obruta
729 788 810 824 haec
843 788 932 824 urbs
960 794 1072 830 esset,
1112 793 1292 822 matronae
1321 792 1464 821 averte-

174 841 198 863 “
211 841 329 878 runt?
384 840 484 884 Jnm,
506 840 597 876 urbe
617 848 727 889 capta
747 853 768 876 a
787 840 920 884 Gallis,
951 853 1024 889 quo
1054 839 1249 887 redempta
1267 838 1357 874 urbs
1376 839 1461 874 est?

174 895 347 942 “nempe
377 906 508 929 aurum
549 897 728 929 matronae
767 906 957 929 consensu
999 892 1169 929 omnium
1200 891 1237 927 in
1268 890 1463 939 publicum

174 948 197 970 ‘⁴
212 945 464 982 contulerunt.
522 945 697 981 Proximo
718 945 815 982 bello
837 946 903 992 (ne
930 945 1084 993 antiqua
1116 944 1302 993 repetam)
1334 955 1462 979 nonne

131 1006 161 1032 15
174 1000 199 1021 “
212 1004 262 1041 et,
283 1010 397 1046 quum
418 997 587 1046 pecunia
605 1010 699 1045 opus
720 997 801 1040 fuit,
823 998 1020 1033 viduarum
1043 997 1215 1045 pecunias
1237 996 1464 1044 adjuverunt

172 1050 410 1094 “aerarium;
452 1056 503 1098 et,
534 1062 650 1097 quum
681 1049 744 1085 Dii
775 1062 924 1098 quoque
959 1049 1043 1086 novi
1070 1049 1116 1085 ad
1136 1061 1246 1097 opem
1267 1048 1463 1084 ferendam

173 1102 335 1139 “dubiis
372 1102 484 1138 rebus
516 1109 810 1144 arcesserentur,
849 1109 1030 1139 matronae
1068 1101 1252 1137 universae
1281 1100 1328 1137 ad
1360 1113 1462 1137 mare

173 1159 197 1179 ‘⁴
211 1154 388 1203 profectae
408 1162 495 1191 sunt
515 1154 561 1190 ad
583 1153 745 1190 Matrem
780 1154 922 1190 Idaeam
956 1153 1220 1202 accipiendam
1239 1154 1253 1189 T
1310 1154 1319 1174 ‘
1340 1152 1463 1189 Dissi-

173 1206 368 1251 “‘miles,’
405 1206 541 1255 inquiS,
578 1208 588 1228 ‘
606 1219 730 1243 causae
764 1207 875 1243 sunt)
933 1206 1019 1243 Nec
1046 1206 1135 1242 mihi
1158 1218 1292 1242 causas
1314 1218 1462 1254 aequare

128 1267 161 1293 20
174 1265 197 1285 ί(
210 1259 439 1308 propositum
459 1266 537 1296 est:
568 1258 660 1295 nihil
683 1259 767 1295 novi
788 1259 943 1302 factum,
964 1271 1125 1308 purgare
1145 1258 1234 1294 satis
1253 1265 1321 1294 est.
1379 1257 1463 1294 Cae-

172 1319 195 1338 “
209 1312 344 1358 terum,
373 1312 471 1360 quod
506 1311 544 1348 in
574 1311 687 1348 rebus
706 1312 752 1347 ad
772 1325 906 1348 omnes
926 1312 1063 1360 pariter
1083 1311 1179 1348 viros
1213 1310 1461 1359 foeminasque

172 1364 486 1412 “pertinentibus
506 1363 641 1400 fecisse
661 1377 725 1400 eas
744 1377 856 1401 nemo
889 1365 1045 1401 miratus
1074 1371 1143 1410 est,
1174 1363 1210 1400 in
1242 1364 1363 1401 causa
1382 1375 1464 1412 pro-

173 1416 291 1464 “prie
313 1416 357 1452 ad
389 1416 488 1465 ipsas
516 1416 728 1465 pertinente
759 1416 939 1454 miramur
973 1417 1138 1453 fecisse‘l
1193 1415 1300 1455 Quid
1335 1423 1461 1452 autem

172 1467 411 1505 “feceruntl
439 1469 619 1518 superbas
651 1468 729 1518 (me
766 1469 861 1506 Dius
894 1469 1024 1520 fidius)
1060 1481 1169 1505 aures
1199 1469 1394 1514 habemus,
1415 1468 1460 1511 si,

127 1528 196 1554 esu
209 1533 324 1569 quum
345 1521 489 1558 domini
509 1534 701 1557 servorum
722 1534 796 1558 non
811 1522 1004 1559 fastidiant
1023 1534 1169 1571 preceS,
1186 1534 1255 1558 nos
1275 1521 1398 1571 rogari
1414 1521 1462 1557 ab

172 1581 196 1602 ἐι
209 1573 377 1610 honestis
397 1573 561 1611 foeminis
582 1573 835 1624 indignamur.

226 1678 295 1715 VI.
325 1679 492 1716 “Venio
511 1692 615 1717 nunc
636 1680 683 1716 ad
707 1680 755 1726 id,
786 1681 832 1717 de
859 1694 933 1730 quo
967 1680 1111 1730 agitur:
1156 1680 1194 1716 in
1228 1692 1301 1728 quo
1321 1679 1462 1728 duplex

173 1731 377 1768 “consulis
395 1732 514 1769 oratio
534 1732 604 1769 suit
621 1745 629 1768 :
660 1745 747 1768 nam
768 1740 806 1769 et
824 1733 949 1782 legem
971 1734 1084 1770 ullam
1111 1732 1268 1769 omnino
1288 1732 1461 1781 abrogari

172 1785 266 1820 “est
285 1784 530 1833 indignatus3
570 1792 607 1821 et
627 1797 709 1821 eam
731 1785 919 1834 przecipue
939 1786 1075 1835 legem,
1096 1798 1179 1833 quae
1199 1784 1359 1821 luxuriae
1381 1797 1461 1821 mu-

126 1835 336 1873 :30“liebris
355 1837 579 1874 coercendae
600 1838 722 1875 causa
739 1838 813 1874 lata
832 1845 942 1875 esset.
1000 1838 1049 1875 Et
1069 1837 1130 1874 illa
1161 1837 1374 1874 communis
1395 1850 1461 1886 pro

172 1887 355 1937 “legibus
375 1889 453 1926 visa
470 1889 679 1926 consularis
698 1890 816 1927 oratio
835 1898 892 1927 est
908 1904 916 1936 ;
960 1898 998 1927 et
1017 1891 1099 1926 haec
1120 1890 1298 1926 adversus
1318 1889 1460 1926 luxuri-

170 1943 267 1977 “am
289 1941 534 1978 severissimis
566 1942 733 1979 moribus
763 1943 1025 1979 conveniebat.
1083 1942 1215 1991 Itaque
1248 1942 1460 1991 periculum

171 1996 274 2039 “est,
295 1994 380 2037 nisi,
401 1994 489 2042 quid
510 1995 548 2031 in
575 1995 737 2043 utraque
771 2007 809 2031 re
830 1995 916 2032 vani
936 1995 996 2043 sit,
1016 1995 1270 2038 docuerimus,
1301 2007 1349 2031 ne
1377 1995 1460 2043 quis

171 2048 310 2082 “error
329 2046 433 2083 vobis
447 2046 674 2084 offundatur.
731 2047 815 2096 Ego
834 2048 951 2094 enim,
981 2048 1300 2096 quemadmodum
1334 2060 1380 2083 ex
1402 2047 1460 2084 his

126 2097 269 2146 ³5⁴‘leg
272 2098 369 2144 ibus,
388 2111 470 2147 quae
500 2112 575 2136 non
596 2100 633 2135 in
655 2106 805 2148 tempus
825 2100 990 2148 aliquod,
1012 2101 1077 2137 sed
1108 2107 1299 2149 perpetuae
1320 2099 1459 2136 utilita-

171 2150 254 2186 “tis
273 2151 396 2188 cansa
428 2151 465 2188 in
500 2158 680 2188 aeternurn
701 2152 786 2189 latae
806 2160 907 2200 sunt,
936 2153 1079 2189 nullam
1115 2152 1286 2202 abrogari
1319 2153 1458 2189 debere

171 2201 339 2250 “fateor
356 2203 427 2240 nisi
448 2216 559 2252 quam
580 2211 643 2241 aut
662 2217 752 2241 usus
785 2205 967 2254 coarguit,
1000 2213 1064 2242 aut
1097 2213 1215 2242 status
1206 2186 1369 2254 Ualiquis
1390 2205 1459 2241 rei-

171 2255 368 2304 “publicae
388 2256 558 2293 inutilem
580 2256 695 2302 fecit3
738 2257 806 2300 sic,
834 2271 926 2306 quas
958 2265 1126 2307 tempora
1159 2257 1283 2306 aliqua
1311 2258 1459 2294 deside-

171 2308 343 2346 “r5,runt
362 2308 477 2357 leges,
513 2310 686 2346 mortales
718 2309 776 2358 (ut
797 2310 848 2346 ita
867 2310 1011 2361 dicam)
1045 2318 1083 2347 et
1115 2310 1375 2359 temporibus'
1367 2309 1457 2358 ipsis

126 2369 158 2394 4ο
172 2360 408 2396 “mutabiles
427 2373 509 2397 esse
529 2361 648 2398 video.
704 2362 835 2401 Quae
827 2376 863 2399 in
886 2376 978 2412 pace
1010 2363 1094 2400 latae
1115 2370 1215 2410 sunt,
1236 2363 1456 2411 plerumque

171 2412 347 2449 “bellum
369 2413 546 2461 abrogat·
575 2427 657 2462 quae
679 2414 716 2451 in
738 2415 846 2461 bello,
868 2428 966 2464 pax:
1010 2423 1050 2452 ut
1081 2415 1119 2452 in
1154 2415 1259 2451 navis
1279 2413 1458 2450 adminis-

170 2472 367 2502 “tratione
397 2444 482 2502 alias
497 2465 534 2502 in
564 2467 784 2515 secundam,
817 2468 917 2505 alia'
910 2482 946 2505 in
969 2469 1163 2505 adxeisam
1195 2473 1457 2517 tempestatem
