1617 2765
634 171 773 202 LIBER
795 171 868 202 XL.
913 179 993 201 CAP.
1010 180 1106 201 xxw.
1451 177 1528 214 275

244 269 269 291 ‘⁴
285 281 359 316 quo
378 272 580 304 accusatus
599 278 695 308 sum,
718 265 763 301 ad
784 264 1106 313 cognoscendum,
1127 264 1216 312 quid
1250 274 1434 314 ageretur,
1465 269 1528 305 ha-

244 325 268 342 “
287 320 360 356 bui.
418 319 556 355 Utrum
577 325 767 353 momento
784 317 846 353 illo
860 317 957 352 horae
971 323 1229 352 accusatorem
1251 318 1447 355 audirem?
1479 333 1526 356 an

243 378 267 394 ‘⁶
285 371 543 408 defensionem
565 369 798 405 meditarer?
855 368 1050 404 Attonitus
1083 368 1280 415 repentino
1309 376 1418 418 atque
1449 372 1528 408 ino-

243 424 407 471 “pinato
427 421 536 464 malo,
558 421 634 464 vix,
665 420 753 468 quid
782 420 1021 469 objiceretur,
1053 420 1262 468 intelligere
1291 422 1419 469 potui3
1463 436 1528 460 ne-

195 487 212 512 5
242 475 373 510 “dum
394 474 483 510 satis
511 472 643 515 sciam,
673 485 746 520 quo
776 473 886 509 modo
916 485 975 508 me
1012 479 1131 508 tuear.
1187 472 1295 511 Quid
1327 474 1418 510 mihi
1449 476 1527 523 spei

241 530 266 549 “
283 533 394 569 esset,
416 525 488 562 nisi
508 531 652 573 patrem
679 525 848 573 judicem
881 525 1086 560 haberem?
1128 525 1226 572 apud
1247 537 1358 573 quem
1380 527 1527 564 etiamsi

241 578 438 615 “caritate
467 589 489 613 a
518 577 627 613 fratre
658 578 797 626 majore
826 576 969 619 vincor,
1013 576 1269 613 misericordia
1312 578 1412 614 certe
1443 592 1528 615 reus

240 630 381 666 “vinci
411 642 486 666 non
516 629 647 665 debeo.
707 630 790 679 Ego
818 629 933 672 enim,
965 636 1005 665 ut
1025 641 1084 664 me
1114 629 1205 665 mihi
1227 629 1367 677 tibique
1387 643 1527 677 serves,

239 685 264 705 ‘⁶
280 694 412 730 precor
429 695 438 717 z
468 681 542 727 ille,
578 689 618 718 ut
638 694 696 718 me
718 682 754 718 in
776 681 1018 718 securitatem
1038 693 1144 717 suam
1164 681 1331 725 occidas,
1352 683 1526 730 postulat.

196 746 224 771 ιο
239 737 263 757 “
279 733 387 773 Quid
421 746 522 777 eum,
552 747 667 782 quum
699 746 858 783 regnum
889 733 923 770 ei
953 733 1164 780 tradideris,
1186 734 1372 770 facturum
1403 735 1528 771 credis

238 786 318 822 “in
348 799 408 822 me
436 798 533 829 esse,
563 786 626 834 qui
665 786 745 836 jam
774 799 878 823 nunc
906 786 1093 835 sanguine
1123 798 1208 823 meo
1236 786 1307 823 sibi
1338 786 1527 837 indulgeri

238 841 263 862 “
281 851 429 887 aequum
449 848 581 875 censet
594 840 607 875 ‘t
620 839 641 856 ''

291 943 403 980 XVI.
450 943 605 981 Dicenti
626 944 708 980 haec
728 944 904 992 laerymae
933 943 1043 980 simul
1075 944 1245 992 spiritum
1266 950 1304 981 et
1323 956 1453 981 vocem
1474 945 1528 982 in-

237 995 502 1033 tercluserunt.
559 995 767 1044 Philippus,
799 996 981 1032 submotis
1014 996 1072 1042 iis,
1102 997 1289 1044 paulisper
1318 997 1527 1034 collocutus

193 1063 224 1088 15
237 1060 325 1084 cum
346 1047 491 1090 amicis,
513 1048 785 1096 pronuntiavit,
816 1048 943 1085 “Non
965 1048 1087 1084 verbis
1116 1061 1169 1094 se,
1199 1061 1271 1084 nec
1292 1049 1404 1085 unius
1427 1050 1527 1086 horae

237 1103 263 1123 “
279 1100 567 1148 disceptatione,
588 1113 742 1137 causam
763 1113 892 1136 eorum
913 1100 1222 1148 dijudicaturum‚
1250 1101 1315 1136 sed
1338 1101 1527 1160 inquiren-

238 1152 328 1188 “do
348 1152 384 1187 in
407 1152 598 1199 utriusque
619 1152 745 1198 vitam,
768 1165 901 1195 moreS‚
922 1160 960 1188 et
979 1152 1081 1188 dicta
1102 1152 1274 1200 factaque
1308 1152 1346 1188 in
1378 1155 1527 1202 magnis

238 1206 263 1227 “
280 1203 476 1261 parvisque
496 1204 608 1241 rebus
628 1205 884 1241 observando:
898 1204 921 1220 '’
951 1211 991 1240 ut
1010 1204 1186 1240 omnibus
1207 1213 1414 1262 appareret,
1437 1218 1527 1242 noc-

237 1255 284 1292 tis
304 1256 482 1304 proximae
503 1256 646 1292 crimen
669 1256 777 1292 facile
799 1256 1005 1299 revictum3
1027 1264 1239 1314 suspectam
1262 1257 1416 1293 nimiam
1438 1270 1524 1294 cum

193 1324 226 1350 20
239 1308 426 1344 Romanis
448 1308 630 1344 Demetrii
650 1309 808 1357 gratiam
829 1321 923 1345 esse.
981 1308 1090 1351 Haec,
1118 1309 1200 1345 vivo
1220 1308 1405 1357 Philippo,
1426 1310 1527 1346 velut

238 1360 384 1396 semina
400 1360 502 1408 jacta
522 1367 610 1396 sunt
630 1360 873 1397 Macedonici
895 1360 995 1404 belli,
1016 1360 1114 1408 quod
1142 1360 1310 1397 maxime
1331 1374 1419 1397 cum
1440 1362 1527 1398 Per-

238 1425 303 1449 seo
321 1412 531 1461 gerendum
552 1420 643 1449 erat.
701 1439 866 1449 .....

290 1516 442 1553 XXlV.
472 1516 709 1553 Demetrium
732 1517 865 1554 iterum
887 1517 933 1554 ad
953 1524 1097 1566 patrem
1128 1517 1322 1554 accusavit
1353 1517 1526 1556 Perseus.

238 1595 406 1605 .....
462 1569 569 1605 Nihil
589 1577 715 1606 tamen
749 1570 871 1618 palam
906 1569 1058 1619 gravius
1091 1570 1373 1618 pronuntiatum
1406 1571 1453 1606 de
1482 1582 1527 1608 eo

199 1631 216 1658 ὁ
238 1628 308 1664 est,
325 1628 366 1657 ut
381 1621 467 1657 dolo
483 1621 605 1670 potius
621 1621 908 1658 interficeretur.
961 1649 1128 1658 .....
1167 1622 1230 1658 Ab
1250 1622 1527 1659 Thessalonice

200 1680 217 1698 ⁴
238 1672 550 1710 Demetriadem
543 1674 611 1722 ipsi
631 1687 746 1721 quum
768 1675 836 1710 iter
856 1681 966 1716 esset,
989 1674 1180 1710 Astraeum
1207 1674 1369 1711 Paeoniae
1389 1675 1528 1711 Deme-

192 1733 217 1756 ν-ἰ
238 1725 349 1762 trium
373 1726 485 1762 mittit
505 1739 592 1762 cum
613 1727 747 1762 eodem
767 1727 904 1763 comite
922 1726 1035 1770 Dida,
1054 1726 1234 1764 Perseum
1253 1727 1526 1775 Amphipolim,

192 1774 285 1830 ssad
304 1777 456 1814 obsides
476 1777 674 1814 Thracum
695 1778 950 1827 accipiendos.
1008 1757 1248 1827 Digredienti
1279 1778 1326 1814 ab
1357 1792 1396 1815 se
1417 1779 1527 1815 Didae

199 1845 218 1872 5
199 1814 415 1866 ⁴’mandata
438 1830 587 1866 dedisse
607 1830 745 1867 dicitur
775 1832 822 1867 de
843 1831 918 1867 filio
937 1831 1161 1868 occidendo.
1219 1830 1460 1868 Sacrificium
1481 1831 1528 1867 ab

192 1898 225 1924 30
193 1876 338 1918 *Dida
358 1895 424 1919 seu
445 1882 671 1926 institutum,
692 1896 758 1919 seu
780 1884 997 1920 simulatum
1018 1890 1073 1920 est
1091 1896 1099 1927 ;
1143 1883 1189 1919 ad
1216 1883 1314 1931 quod
1335 1883 1530 1919 celebran-

237 1935 329 1971 dum
349 1934 528 1971 invitatus
548 1934 766 1972 Demetrius
796 1936 843 1971 ab
874 1937 1023 1972 Astraeo
1058 1935 1287 1972 Heracleam
1310 1935 1423 1972 venit.
1482 1935 1527 1972 In

237 1999 284 2023 ea
304 1989 413 2023 coena
433 1987 571 2024 dicitur
592 2000 781 2023 venenum
814 1988 957 2024 datum.
1015 1987 1157 2024 Poculo
1183 1995 1306 2046 epoto,
1340 1988 1529 2036 extemplo

239 2039 381 2075 sensit:
411 2046 448 2075 et
468 2052 554 2076 mox
573 2040 710 2076 coortis
730 2040 933 2086 doloribus,
969 2040 1100 2077 relicto
1132 2040 1317 2083 convivio,
1351 2053 1466 2088 quum
1489 2040 1526 2076 in

239 2090 460 2128 cubiculum
481 2091 685 2140 recepisset
703 2105 800 2137 sese,
833 2093 1097 2129 crudelitatem
1130 2092 1246 2140 patris
1276 2105 1528 2140 conquerens,

196 2143 483 2191 35parricidium
504 2143 637 2189 fratris,
668 2157 713 2180 ac
748 2123 857 2181 Didoe
891 2145 1015 2181 scelus
1048 2145 1239 2189 incusans,
1273 2145 1528 2192 torquebatur.

241 2195 452 2232 Intromissi
485 2196 624 2232 deinde
654 2196 815 2245 Thyrsis
833 2197 984 2245 quidam
1021 2197 1239 2233 Stuberaeus
1271 2204 1308 2233 et
1337 2197 1529 2233 Beroeaeus

240 2247 474 2294 Alexander,
496 2248 645 2297 injectis
664 2249 852 2298 tapetibus
884 2250 921 2286 in
956 2256 1069 2298 caput
1104 2249 1321 2297 faucesque,
1356 2249 1528 2298 spiritum

242 2299 546 2336 intercluserunt.
604 2300 663 2337 Ita
692 2301 872 2338 innoxius
901 2302 1136 2345 adolescens,
1173 2314 1288 2350 quum
1327 2300 1365 2338 in
1403 2314 1449 2337 eo
1481 2314 1528 2337 ne

242 2352 403 2400 simplici
435 2352 586 2400 quidem
623 2365 763 2402 genere
796 2354 926 2391 mortis
963 2354 1131 2391 contenti
1170 2353 1316 2391 inimici
1356 2353 1528 2396 fuissent,

198 2420 230 2446 40
243 2404 476 2442 interficitur.
