1617 2765
505 482 655 520 LIBRI
685 480 936 518 VICESIMI
967 477 1132 516 SEXTI

661 628 755 659 CAP.
779 628 843 658 VII
856 645 897 650 —-
909 627 969 658 XI.

720 769 904 776 *-

505 886 670 907 EPiTOME
695 886 799 907 LIBRI
824 885 996 907 VICESIMI
1022 884 1138 905 sExrx.

221 982 254 1003 1.
279 973 490 1003 nmmum
507 972 544 1002 ad
562 972 687 1002 tertium
705 971 743 1000 ab
759 971 834 1001 urbe
849 967 955 1000 Roma
968 971 1103 1008 lapidem
1119 979 1212 1008 super
1224 969 1383 998 Anienem
1397 977 1464 998 cas-

177 1018 224 1046 tra
240 1014 366 1054 posuit:
390 1015 458 1053 ipse
473 1022 549 1043 vero
566 1022 640 1042 cum
658 1013 781 1042 duobus
797 1012 933 1042 millibus
950 1012 1091 1050 equitum
1109 1020 1211 1049 usque
1229 1011 1266 1040 ad
1289 1012 1387 1048 ipsam
1403 1009 1463 1039 Ca-

178 1066 293 1096 penam
321 1059 453 1095 postam,
477 1059 511 1085 ut
526 1055 610 1084 urbis
623 1054 716 1084 situm
744 1054 932 1092 exploraret,
957 1053 1175 1091 obequitavit:
1222 1061 1273 1081 XI.
1298 1052 1340 1081 Et
1368 1060 1465 1090 quum

179 1107 234 1137 per
249 1098 384 1128 triduum
400 1098 432 1127 in
453 1098 556 1127 aciem
573 1096 731 1135 utrimque
748 1096 908 1126 exercitus
932 1095 1035 1124 omnis
1051 1094 1284 1129 descendisset,
1302 1097 1464 1123 certamen

179 1143 352 1178 tempestas
368 1139 514 1175 diremit3
537 1148 611 1167 nam
628 1147 724 1176 quum
741 1138 772 1166 in
795 1142 894 1167 castra
912 1137 1088 1170 rediissent,
1102 1136 1207 1166 statim
1220 1135 1372 1165 serenitas
1389 1138 1464 1165 erat.

179 1180 274 1212 Capua
283 1184 364 1211 capta
377 1183 420 1205 est
431 1187 447 1204 a
466 1179 502 1205 Q..
518 1178 614 1203 Fulvio
626 1183 653 1203 et
667 1179 719 1209 Ap.
733 1178 849 1203 Claudio
861 1177 1023 1202 consulibus.
1060 1176 1194 1207 Principes
1213 1176 1411 1207 Campanorum
1423 1183 1467 1199 ve-

179 1220 248 1238 neno
260 1212 309 1238 sibi
322 1212 510 1237 consciverunt
523 1216 644 1236 mortem.
664 1211 756 1237 Quum
770 1215 880 1235 senatus
893 1210 1091 1240 Campanorum
1101 1209 1236 1240 deligatus
1247 1212 1320 1233 esset
1334 1208 1366 1232 ad
1380 1208 1466 1239 palos,

179 1250 210 1270 ut
221 1244 309 1270 securi
321 1244 461 1275 feriretur5
481 1244 569 1269 literas
583 1251 595 1267 a
610 1248 703 1268 senatu
717 1244 812 1268 missas
834 1243 870 1269 Q..
886 1242 998 1267 Fulvius
1019 1241 1122 1273 consul,
1144 1242 1238 1273 quibus
1250 1241 1395 1273 jubebatur
1408 1248 1467 1272 par-

180 1285 252 1310 cere,
265 1281 408 1309 antequam
421 1277 528 1309 legeret,
542 1277 568 1301 in
581 1276 641 1301 sinu
655 1277 755 1307 posuit,
769 1281 796 1301 et
809 1276 864 1307 lege
879 1275 1023 1307 agijussst,
1033 1279 1060 1299 et
1070 1274 1231 1305 supplicium
1242 1273 1355 1305 peregit.
1374 1273 1467 1299 Quum

180 1310 207 1335 in
220 1310 337 1335 comitiis
350 1310 420 1341 apud
434 1310 561 1341 populum
574 1313 744 1341 quaereretur,
757 1309 801 1333 cui
814 1309 985 1333 mandaretur
1000 1307 1188 1338 Hispaniarum
1203 1306 1343 1337 imperium
1357 1315 1363 1337 ;
1394 1306 1467 1330 nullo

180 1343 206 1367 id
219 1343 326 1368 volente
339 1342 483 1374 suscipere,
504 1342 533 1367 P.
547 1342 648 1373 Scipio,
672 1341 701 1366 P.
716 1341 797 1373 filius,
818 1341 861 1373 qni
883 1341 908 1365 in
924 1340 1054 1371 Hispania
1073 1339 1217 1368 ceciderat,
1238 1339 1368 1370 professus
1381 1342 1422 1363 est
1439 1346 1466 1363 se

179 1375 299 1401 iturum:
316 1379 354 1407 et,
367 1375 495 1407 suffragio
507 1375 598 1406 populi
611 1382 792 1406 consensuque
813 1374 930 1398 omniurn
954 1374 1059 1404 missus,
1082 1372 1186 1397 Novam
1208 1372 1400 1403 Carthaginem
1414 1379 1467 1396 uno

180 1408 221 1433 die
233 1408 407 1440 expugnavit,
421 1416 501 1440 quum
515 1412 608 1439 ageret
620 1407 777 1432 vicesimum
791 1411 914 1439 quartum
934 1414 1044 1435 annum,
1064 1405 1250 1437 videreturque
1271 1405 1361 1429 divina
1383 1403 1464 1435 stirpe

179 1445 285 1465 creatus
297 1449 304 1465 t
323 1440 448 1472 quoniam
459 1445 487 1464 et
506 1440 573 1471 ipse,
595 1444 734 1472 postquam
755 1444 844 1471 togam
859 1442 1012 1470 acceperat,
1026 1438 1143 1469 quotidie
1157 1438 1182 1462 in
1195 1438 1332 1468 Capitolio
1345 1441 1419 1468 erat;
1439 1440 1467 1461 et

181 1472 208 1497 in
221 1472 347 1498 cubiculo
359 1473 452 1497 matris
465 1474 524 1504 ejus
537 1473 631 1504 anguis
644 1480 825 1503 saepenumero
842 1472 992 1496 videbatur.
1030 1471 1081 1495 Res
1094 1475 1219 1502 praetereu
1232 1470 1258 1495 in
1269 1469 1365 1494 Sicilia
1377 1473 1468 1502 gestas

180 1506 309 1537 continet,
320 1509 347 1530 et
361 1505 510 1530 amicitiam
522 1513 582 1530 cum
596 1505 696 1530 AEtolis
707 1505 841 1536 junctam,
857 1504 1007 1536 bellumque
1021 1508 1126 1535 gestum
1136 1503 1264 1528 adversus
1275 1503 1432 1527 Acarnanas
1440 1507 1469 1528 et

180 1537 331 1570 Philippum
345 1537 509 1563 Macedonian
522 1545 618 1570 regem.
657 1537 740 1571 [Cn--
756 1545 765 1562 i
777 1544 859 1561 -ιι,
896 1544 924 1562 υ.
941 1544 965 1562 c.
978 1536 1133 1561 541-542.
1170 1545 1198 1561 Α.
1213 1544 1241 1560 c.
1253 1534 1424 1566 211-2104

135 1741 170 1779 Ξ
235 1735 324 1772 VII.
355 1735 552 1773 Caeterom
574 1735 782 1778 Hannibal,
813 1742 854 1772 ut
881 1747 954 1771 nec
984 1735 1110 1771 hostes
1135 1734 1221 1770 elici
1243 1732 1401 1782 amplius
1420 1734 1467 1771 ad

136 1783 346 1838 ffipugnam
368 1787 471 1831 vidit,
492 1800 564 1824 nec
584 1800 651 1836 per
679 1794 801 1824 castra
829 1800 959 1824 eorum
995 1787 1183 1835 perrumpi
1214 1786 1260 1822 ad
1291 1787 1466 1835 Capuam

143 1837 161 1896 ’Ξ
181 1853 301 1890 posse,
322 1853 370 1876 ne
390 1853 477 1876 suos
495 1852 643 1888 quoque
673 1847 907 1876 commeatus
936 1839 1235 1876 intercluderent
1267 1839 1351 1875 novi
1378 1851 1468 1876 con-

153 1892 293 1939 ,sules‚
315 1892 520 1929 abscedere
551 1892 654 1928 irrito
683 1892 848 1940 incepto,
885 1899 923 1928 et
952 1904 1099 1928 movere
1128 1904 1150 1927 a
1178 1891 1308 1939 Capua
1338 1891 1467 1927 statuit

136 1944 160 1988 Ξ
181 1951 315 1982 castra.
373 1945 495 1981 Multa
516 1956 660 1987 secum,
684 1943 847 1992 quonam
882 1944 970 1980 inde
1004 1944 1055 1979 ire
1086 1950 1269 1992 pergeret,
1304 1943 1466 1980 volventi

143 2000 162 2050 u]
181 1997 297 2034 subiit
315 1997 484 2034 animum
505 1997 680 2045 impetuS‚
702 2004 816 2045 caput
835 1996 956 2045 ipsum
977 1995 1064 2032 belli
1093 1996 1258 2032 Romam
1288 1995 1465 2044 petendi:

136 2050 292 2099 ..Ecujus
312 2050 365 2087 rei
385 2061 532 2098 semper
552 2049 690 2098 cupitae
710 2048 997 2097 praetermissam
1013 2049 1255 2085 occasionem
1269 2055 1351 2096 post
1367 2048 1468 2084 Can-

182 2114 341 2139 nensem
370 2114 535 2151 pugnam
555 2110 593 2138 et
621 2101 684 2137 alii
717 2100 828 2150 vulgo
858 2101 1080 2147 fremebant,
1114 2108 1152 2137 et
1172 2101 1250 2149 ipse
1284 2113 1359 2137 non
1393 2100 1468 2137 dis-

184 2153 409 2191 simulabat:
438 2156 462 2176 “
476 2153 702 2202 necopinato
721 2166 857 2202 pavore
878 2166 922 2189 ac
943 2153 1119 2195 tumultu,
1141 2166 1216 2189 non
1233 2165 1314 2189 esse
1335 2153 1467 2201 despe-

140 2217 171 2242 10
183 2207 207 2228 “
222 2207 396 2249 randum,
418 2206 580 2254 aliquam
600 2214 743 2255 partem
764 2207 866 2243 urbis
885 2206 1065 2254 occupari
1086 2218 1194 2254 posse
1212 2219 1219 2250 ;
1267 2212 1316 2248 et,
1338 2205 1367 2241 si
1391 2205 1468 2242 Ro-

184 2261 284 2296 “ma
303 2259 341 2295 in
368 2258 587 2295 discrimine
606 2266 718 2302 esset,
742 2259 913 2308 Capuam
948 2258 1136 2307 extemplo
1168 2258 1372 2295 omissuros
1404 2264 1468 2295 aut

185 2312 333 2348 “ambo
354 2311 596 2360 imperatores
615 2311 824 2358 Romanos,
845 2318 907 2348 aut
935 2311 1091 2347 alterum
1113 2324 1159 2347 ex
1179 2311 1223 2347 iis
1241 2323 1249 2347 :
1292 2318 1343 2354 et,
1364 2310 1394 2347 si
1414 2310 1468 2346 di-

185 2364 397 2401 “visissent
416 2363 557 2413 copias,
587 2370 783 2412 utrumque
804 2364 1046 2400 infirmiorem
1069 2363 1208 2400 sactum
1230 2370 1294 2400 aut
1314 2362 1384 2398 sibi
1404 2368 1468 2398 aut

186 2416 429 2465 “Campanis
449 2416 546 2452 bene
565 2416 741 2464 gerendae
761 2416 814 2453 rei
837 2416 1022 2453 fortunam
1043 2416 1195 2453 daturos
1213 2415 1336 2452 esse.”
1383 2413 1468 2451 Una

145 2477 176 2504 1⁵
187 2483 232 2509 ea
251 2481 343 2507 cura
362 2469 538 2519 angebat,
558 2480 619 2512 ne,
647 2468 710 2505 ubi
739 2469 996 2516 abscessisset,
1025 2468 1212 2518 extemplo
1241 2467 1467 2503 dederentur
