<?xml version="1.0" encoding="UTF-8"?>
<!DOCTYPE html PUBLIC "-//W3C//DTD XHTML 1.0 Transitional//EN"
    "http://www.w3.org/TR/xhtml1/DTD/xhtml1-transitional.dtd">
<html xmlns="http://www.w3.org/1999/xhtml" xml:lang="en" lang="en">
 <head>
  <title>
</title>
<meta http-equiv="Content-Type" content="text/html;charset=utf-8" />
  <meta name='ocr-system' content='tesseract 3.04.00' />
  <meta name='ocr-capabilities' content='ocr_page ocr_carea ocr_par ocr_line ocrx_word'/>
</head>
<body>
  <div class='ocr_page' id='page_1' title='image "./historiarumliber00livyuoft_0150.png"; bbox 0 0 1617 2765; ppageno 0'>
   <div class='ocr_carea' id='block_1_1' title="bbox 172 199 914 240">
    <p class='ocr_par' dir='ltr' id='par_1_1' title="bbox 172 199 914 240">
     <span class='ocr_line' id='line_1_1' title="bbox 172 199 914 240; baseline -0.016 0"><span class='ocrx_word' id='word_1_1' title='bbox 172 202 245 240; x_wconf 77' lang='lat'>132</span> <span class='ocrx_word' id='word_1_2' title='bbox 687 200 777 230; x_wconf 85' lang='lat' dir='ltr'>T1T1</span> <span class='ocrx_word' id='word_1_3' title='bbox 802 199 914 230; x_wconf 80' lang='lat' dir='ltr'>Livn</span> 
     </span>
    </p>
   </div>
   <div class='ocr_carea' id='block_1_2' title="bbox 169 292 1519 2320">
    <p class='ocr_par' dir='ltr' id='par_1_2' title="bbox 169 292 1515 2320">
     <span class='ocr_line' id='line_1_2' title="bbox 169 292 1446 344; baseline -0.002 -13"><span class='ocrx_word' id='word_1_4' title='bbox 169 295 312 331; x_wconf 82' lang='lat' dir='ltr'>“vinar</span> <span class='ocrx_word' id='word_1_5' title='bbox 341 295 480 344; x_wconf 81' lang='lat' dir='ltr'>suscipi</span> <span class='ocrx_word' id='word_1_6' title='bbox 509 295 658 343; x_wconf 71' lang='lat' dir='ltr'>potest?</span> <span class='ocrx_word' id='word_1_7' title='bbox 723 294 831 332; x_wconf 83' lang='lat' dir='ltr'>Quid</span> <span class='ocrx_word' id='word_1_8' title='bbox 869 293 915 328; x_wconf 91' lang='lat' dir='ltr'>de</span> <span class='ocrx_word' id='word_1_9' title='bbox 949 293 1100 329; x_wconf 54' lang='lat' dir='ltr'>eternis</span> <span class='ocrx_word' id='word_1_10' title='bbox 1128 293 1253 329; x_wconf 75' lang='lat' dir='ltr'>vestm</span> <span class='ocrx_word' id='word_1_11' title='bbox 1283 292 1446 341; x_wconf 84' lang='lat' dir='ltr'>ignibus,</span> 
     </span>
     <span class='ocr_line' id='line_1_3' title="bbox 171 345 1450 396; baseline -0.002 -13"><span class='ocrx_word' id='word_1_12' title='bbox 171 351 193 369; x_wconf 70' lang='lat'>‘⁴</span> <span class='ocrx_word' id='word_1_13' title='bbox 209 348 404 396; x_wconf 87' lang='lat' dir='ltr'>signoque,</span> <span class='ocrx_word' id='word_1_14' title='bbox 424 348 521 394; x_wconf 87' lang='lat' dir='ltr'>quod</span> <span class='ocrx_word' id='word_1_15' title='bbox 544 347 689 394; x_wconf 88' lang='lat' dir='ltr'>imperii</span> <span class='ocrx_word' id='word_1_16' title='bbox 718 346 854 394; x_wconf 87' lang='lat' dir='ltr'>pignus</span> <span class='ocrx_word' id='word_1_17' title='bbox 883 345 1052 380; x_wconf 62' lang='lat' dir='ltr'>custodia</span> <span class='ocrx_word' id='word_1_18' title='bbox 1083 345 1163 393; x_wconf 88' lang='lat' dir='ltr'>ejus</span> <span class='ocrx_word' id='word_1_19' title='bbox 1192 345 1320 392; x_wconf 88' lang='lat' dir='ltr'>templi</span> <span class='ocrx_word' id='word_1_20' title='bbox 1347 352 1450 380; x_wconf 90' lang='lat' dir='ltr'>tene·</span> 
     </span>
     <span class='ocr_line' id='line_1_4' title="bbox 171 396 1452 446; baseline -0.003 -11"><span class='ocrx_word' id='word_1_21' title='bbox 171 402 195 422; x_wconf 73' lang='lat'>‘⁶</span> <span class='ocrx_word' id='word_1_22' title='bbox 209 407 280 445; x_wconf 90' lang='lat' dir='ltr'>tur,</span> <span class='ocrx_word' id='word_1_23' title='bbox 301 399 455 446; x_wconf 68' lang='lat' dir='ltr'>loquar?</span> <span class='ocrx_word' id='word_1_24' title='bbox 494 399 582 445; x_wconf 88' lang='lat' dir='ltr'>quid</span> <span class='ocrx_word' id='word_1_25' title='bbox 616 399 662 434; x_wconf 93' lang='lat' dir='ltr'>de</span> <span class='ocrx_word' id='word_1_26' title='bbox 683 397 870 433; x_wconf 80' lang='lat' dir='ltr'>ancilibus</span> <span class='ocrx_word' id='word_1_27' title='bbox 899 396 1042 439; x_wconf 87' lang='lat' dir='ltr'>vestris,</span> <span class='ocrx_word' id='word_1_28' title='bbox 1073 396 1178 433; x_wconf 84' lang='lat' dir='ltr'>Mars</span> <span class='ocrx_word' id='word_1_29' title='bbox 1196 397 1374 438; x_wconf 88' lang='lat' dir='ltr'>Gradive,</span> <span class='ocrx_word' id='word_1_30' title='bbox 1394 404 1452 432; x_wconf 89' lang='lat' dir='ltr'>tu-</span> 
     </span>
     <span class='ocr_line' id='line_1_5' title="bbox 173 448 1451 499; baseline -0.002 -13"><span class='ocrx_word' id='word_1_31' title='bbox 173 454 280 499; x_wconf 85' lang='lat' dir='ltr'>“que</span> <span class='ocrx_word' id='word_1_32' title='bbox 299 450 465 489; x_wconf 79' lang='lat' dir='ltr'>Quirine</span> <span class='ocrx_word' id='word_1_33' title='bbox 488 450 617 497; x_wconf 72' lang='lat' dir='ltr'>pater?</span> <span class='ocrx_word' id='word_1_34' title='bbox 665 450 745 485; x_wconf 81' lang='lat' dir='ltr'>haec</span> <span class='ocrx_word' id='word_1_35' title='bbox 771 448 900 486; x_wconf 86' lang='lat' dir='ltr'>omnia</span> <span class='ocrx_word' id='word_1_36' title='bbox 927 449 963 484; x_wconf 92' lang='lat' dir='ltr'>in</span> <span class='ocrx_word' id='word_1_37' title='bbox 994 449 1149 496; x_wconf 82' lang='lat' dir='ltr'>profano</span> <span class='ocrx_word' id='word_1_38' title='bbox 1177 448 1300 484; x_wconf 83' lang='lat' dir='ltr'>deseri</span> <span class='ocrx_word' id='word_1_39' title='bbox 1329 448 1451 496; x_wconf 81' lang='lat' dir='ltr'>placet</span> 
     </span>
     <span class='ocr_line' id='line_1_6' title="bbox 172 499 1498 549; baseline -0.002 -11"><span class='ocrx_word' id='word_1_40' title='bbox 172 506 195 526; x_wconf 82' lang='lat'><strong><em>“</em></strong></span> <span class='ocrx_word' id='word_1_41' title='bbox 209 515 327 546; x_wconf 86' lang='lat' dir='ltr'>sacra,</span> <span class='ocrx_word' id='word_1_42' title='bbox 368 502 523 549; x_wconf 79' lang='lat' dir='ltr'>aequalia</span> <span class='ocrx_word' id='word_1_43' title='bbox 561 501 654 546; x_wconf 88' lang='lat' dir='ltr'>urbi,</span> <span class='ocrx_word' id='word_1_44' title='bbox 693 501 864 548; x_wconf 82' lang='lat' dir='ltr'>quaedam</span> <span class='ocrx_word' id='word_1_45' title='bbox 895 500 1096 536; x_wconf 83' lang='lat' dir='ltr'>vetustiora</span> <span class='ocrx_word' id='word_1_46' title='bbox 1131 500 1277 548; x_wconf 84' lang='lat' dir='ltr'>origine</span> <span class='ocrx_word' id='word_1_47' title='bbox 1316 499 1418 535; x_wconf 86' lang='lat' dir='ltr'>urbis</span> <span class='ocrx_word' id='word_1_48' title='bbox 1437 499 1452 535; x_wconf 69' lang='grc' dir='ltr'>’ἕ</span> <span class='ocrx_word' id='word_1_49' title='bbox 1482 507 1498 531; x_wconf 92' lang='grc'>5</span> 
     </span>
     <span class='ocr_line' id='line_1_7' title="bbox 171 551 1455 600; baseline -0.003 -10"><span class='ocrx_word' id='word_1_50' title='bbox 171 554 257 590; x_wconf 84' lang='lat' dir='ltr'>“Et</span> <span class='ocrx_word' id='word_1_51' title='bbox 288 554 423 598; x_wconf 85' lang='lat' dir='ltr'>videte,</span> <span class='ocrx_word' id='word_1_52' title='bbox 443 553 531 600; x_wconf 89' lang='lat' dir='ltr'>quid</span> <span class='ocrx_word' id='word_1_53' title='bbox 555 553 650 589; x_wconf 89' lang='lat' dir='ltr'>inter</span> <span class='ocrx_word' id='word_1_54' title='bbox 680 566 747 588; x_wconf 90' lang='lat' dir='ltr'>nos</span> <span class='ocrx_word' id='word_1_55' title='bbox 776 565 820 588; x_wconf 89' lang='lat' dir='ltr'>ac</span> <span class='ocrx_word' id='word_1_56' title='bbox 841 552 999 600; x_wconf 82' lang='lat' dir='ltr'>majores</span> <span class='ocrx_word' id='word_1_57' title='bbox 1027 551 1183 588; x_wconf 85' lang='lat' dir='ltr'>intersit.</span> <span class='ocrx_word' id='word_1_58' title='bbox 1259 551 1318 587; x_wconf 90' lang='lat' dir='ltr'>Illi</span> <span class='ocrx_word' id='word_1_59' title='bbox 1347 563 1455 587; x_wconf 88' lang='lat' dir='ltr'>sacra</span> 
     </span>
     <span class='ocr_line' id='line_1_8' title="bbox 171 603 1455 654; baseline -0.002 -13"><span class='ocrx_word' id='word_1_60' title='bbox 171 611 195 631; x_wconf 74' lang='lat'>‘⁶</span> <span class='ocrx_word' id='word_1_61' title='bbox 209 606 382 654; x_wconf 86' lang='lat' dir='ltr'>quaedam</span> <span class='ocrx_word' id='word_1_62' title='bbox 403 605 441 641; x_wconf 89' lang='lat' dir='ltr'>in</span> <span class='ocrx_word' id='word_1_63' title='bbox 470 612 597 641; x_wconf 90' lang='lat' dir='ltr'>monte</span> <span class='ocrx_word' id='word_1_64' title='bbox 629 605 778 641; x_wconf 91' lang='lat' dir='ltr'>Albano</span> <span class='ocrx_word' id='word_1_65' title='bbox 807 604 1039 652; x_wconf 86' lang='lat' dir='ltr'>Lavinioque</span> <span class='ocrx_word' id='word_1_66' title='bbox 1060 604 1168 640; x_wconf 88' lang='lat' dir='ltr'>nobis</span> <span class='ocrx_word' id='word_1_67' title='bbox 1189 603 1364 640; x_wconf 86' lang='lat' dir='ltr'>facienda</span> <span class='ocrx_word' id='word_1_68' title='bbox 1383 610 1455 639; x_wconf 73' lang='lat' dir='ltr'>tra-</span> 
     </span>
     <span class='ocr_line' id='line_1_9' title="bbox 172 656 1456 693; baseline -0.002 0"><span class='ocrx_word' id='word_1_69' title='bbox 172 663 195 684; x_wconf 79' lang='grc'><strong>“</strong></span> <span class='ocrx_word' id='word_1_70' title='bbox 210 658 398 693; x_wconf 89' lang='lat' dir='ltr'>diderunt.</span> <span class='ocrx_word' id='word_1_71' title='bbox 455 659 519 693; x_wconf 88' lang='lat' dir='ltr'>An</span> <span class='ocrx_word' id='word_1_72' title='bbox 549 669 596 693; x_wconf 87' lang='lat' dir='ltr'>ex</span> <span class='ocrx_word' id='word_1_73' title='bbox 624 656 787 693; x_wconf 88' lang='lat' dir='ltr'>hostium</span> <span class='ocrx_word' id='word_1_74' title='bbox 816 656 977 692; x_wconf 82' lang='lat' dir='ltr'>urbibus</span> <span class='ocrx_word' id='word_1_75' title='bbox 999 656 1162 692; x_wconf 89' lang='lat' dir='ltr'>Romam</span> <span class='ocrx_word' id='word_1_76' title='bbox 1184 656 1230 691; x_wconf 90' lang='lat' dir='ltr'>ad</span> <span class='ocrx_word' id='word_1_77' title='bbox 1250 668 1318 692; x_wconf 92' lang='lat' dir='ltr'>nos</span> <span class='ocrx_word' id='word_1_78' title='bbox 1337 662 1456 691; x_wconf 92' lang='lat' dir='ltr'>trans-</span> 
     </span>
     <span class='ocr_line' id='line_1_10' title="bbox 173 707 1454 757; baseline -0.002 -12"><span class='ocrx_word' id='word_1_79' title='bbox 173 716 196 736; x_wconf 59' lang='grc' dir='ltr'>ί(</span> <span class='ocrx_word' id='word_1_80' title='bbox 211 709 297 745; x_wconf 86' lang='lat' dir='ltr'>ferri</span> <span class='ocrx_word' id='word_1_81' title='bbox 318 722 425 745; x_wconf 88' lang='lat' dir='ltr'>sacra</span> <span class='ocrx_word' id='word_1_82' title='bbox 444 708 660 757; x_wconf 86' lang='lat' dir='ltr'>religiosum</span> <span class='ocrx_word' id='word_1_83' title='bbox 695 708 789 744; x_wconf 85' lang='lat' dir='ltr'>fuit:</span> <span class='ocrx_word' id='word_1_84' title='bbox 832 708 922 743; x_wconf 91' lang='lat' dir='ltr'>hinc</span> <span class='ocrx_word' id='word_1_85' title='bbox 955 708 1035 743; x_wconf 88' lang='lat' dir='ltr'>sine</span> <span class='ocrx_word' id='word_1_86' title='bbox 1066 708 1215 755; x_wconf 90' lang='lat' dir='ltr'>piaculo</span> <span class='ocrx_word' id='word_1_87' title='bbox 1234 707 1271 744; x_wconf 88' lang='lat' dir='ltr'>in</span> <span class='ocrx_word' id='word_1_88' title='bbox 1293 707 1454 743; x_wconf 86' lang='lat' dir='ltr'>hostium</span> 
     </span>
     <span class='ocr_line' id='line_1_11' title="bbox 174 759 1502 809; baseline -0.002 -12"><span class='ocrx_word' id='word_1_89' title='bbox 174 768 197 789; x_wconf 61' lang='lat'>4&lt;</span> <span class='ocrx_word' id='word_1_90' title='bbox 216 762 359 803; x_wconf 87' lang='lat' dir='ltr'>urbem,</span> <span class='ocrx_word' id='word_1_91' title='bbox 394 761 521 809; x_wconf 80' lang='lat' dir='ltr'>VeJ&#39;os,</span> <span class='ocrx_word' id='word_1_92' title='bbox 554 760 849 796; x_wconf 70' lang='lat' dir='ltr'>transferemus?</span> <span class='ocrx_word' id='word_1_93' title='bbox 922 759 1210 802; x_wconf 88' lang='lat' dir='ltr'>Recordamini‚</span> <span class='ocrx_word' id='word_1_94' title='bbox 1249 759 1455 808; x_wconf 85' lang='lat' dir='ltr'>agitedum,</span> <span class='ocrx_word' id='word_1_95' title='bbox 1474 765 1502 790; x_wconf 89' lang='lat'>10</span> 
     </span>
     <span class='ocr_line' id='line_1_12' title="bbox 173 810 1458 860; baseline -0.002 -12"><span class='ocrx_word' id='word_1_96' title='bbox 173 821 198 840; x_wconf 66' lang='lat'>‘4</span> <span class='ocrx_word' id='word_1_97' title='bbox 211 813 357 860; x_wconf 89' lang='lat' dir='ltr'>quoties</span> <span class='ocrx_word' id='word_1_98' title='bbox 377 825 484 848; x_wconf 88' lang='lat' dir='ltr'>sacra</span> <span class='ocrx_word' id='word_1_99' title='bbox 504 812 773 858; x_wconf 80' lang='lat' dir='ltr'>instaurentur,</span> <span class='ocrx_word' id='word_1_100' title='bbox 793 811 881 859; x_wconf 91' lang='lat' dir='ltr'>quia</span> <span class='ocrx_word' id='word_1_101' title='bbox 910 811 1049 859; x_wconf 91' lang='lat' dir='ltr'>aliquid</span> <span class='ocrx_word' id='word_1_102' title='bbox 1069 823 1118 846; x_wconf 83' lang='lat' dir='ltr'>ex</span> <span class='ocrx_word' id='word_1_103' title='bbox 1138 810 1256 859; x_wconf 80' lang='lat' dir='ltr'>patrio</span> <span class='ocrx_word' id='word_1_104' title='bbox 1275 811 1347 847; x_wconf 88' lang='lat' dir='ltr'>ritu</span> <span class='ocrx_word' id='word_1_105' title='bbox 1368 823 1458 859; x_wconf 84' lang='lat' dir='ltr'>neg-</span> 
     </span>
     <span class='ocr_line' id='line_1_13' title="bbox 175 861 1459 921; baseline -0.002 -21"><span class='ocrx_word' id='word_1_106' title='bbox 175 864 370 913; x_wconf 76' lang='lat' dir='ltr'>“ligentia</span> <span class='ocrx_word' id='word_1_107' title='bbox 406 876 542 900; x_wconf 85' lang='lat' dir='ltr'>casuve</span> <span class='ocrx_word' id='word_1_108' title='bbox 562 863 855 921; x_wconf 83' lang='lat' dir='ltr'>praetermissum</span> <span class='ocrx_word' id='word_1_109' title='bbox 890 871 957 899; x_wconf 86' lang='lat' dir='ltr'>est</span> <span class='ocrx_word' id='word_1_110' title='bbox 1014 861 1130 899; x_wconf 71' lang='lat' dir='ltr'>Modo</span> <span class='ocrx_word' id='word_1_111' title='bbox 1163 875 1246 911; x_wconf 87' lang='lat' dir='ltr'>quae</span> <span class='ocrx_word' id='word_1_112' title='bbox 1275 875 1347 909; x_wconf 87' lang='lat' dir='ltr'>res,</span> <span class='ocrx_word' id='word_1_113' title='bbox 1376 869 1459 910; x_wconf 89' lang='lat' dir='ltr'>post</span> 
     </span>
     <span class='ocr_line' id='line_1_14' title="bbox 174 914 1459 965; baseline -0.002 -12"><span class='ocrx_word' id='word_1_114' title='bbox 174 917 422 965; x_wconf 78' lang='lat' dir='ltr'>“prodigium</span> <span class='ocrx_word' id='word_1_115' title='bbox 445 916 585 952; x_wconf 90' lang='lat' dir='ltr'>Albani</span> <span class='ocrx_word' id='word_1_116' title='bbox 605 916 723 958; x_wconf 87' lang='lat' dir='ltr'>lacus,</span> <span class='ocrx_word' id='word_1_117' title='bbox 754 916 826 952; x_wconf 90' lang='lat' dir='ltr'>nisi</span> <span class='ocrx_word' id='word_1_118' title='bbox 848 915 1068 952; x_wconf 85' lang='lat' dir='ltr'>instauratio</span> <span class='ocrx_word' id='word_1_119' title='bbox 1087 927 1277 952; x_wconf 90' lang='lat' dir='ltr'>sacrorum</span> <span class='ocrx_word' id='word_1_120' title='bbox 1298 914 1459 963; x_wconf 81' lang='lat' dir='ltr'>auspici-</span> 
     </span>
     <span class='ocr_line' id='line_1_15' title="bbox 175 967 1460 1017; baseline -0.002 -12"><span class='ocrx_word' id='word_1_121' title='bbox 175 978 393 1017; x_wconf 81' lang='lat' dir='ltr'>“orumque</span> <span class='ocrx_word' id='word_1_122' title='bbox 424 968 627 1014; x_wconf 87' lang='lat' dir='ltr'>renovatio,</span> <span class='ocrx_word' id='word_1_123' title='bbox 662 968 806 1004; x_wconf 82' lang='lat' dir='ltr'>affectae</span> <span class='ocrx_word' id='word_1_124' title='bbox 841 968 994 1017; x_wconf 89' lang='lat' dir='ltr'>VeJenti</span> <span class='ocrx_word' id='word_1_125' title='bbox 1028 967 1125 1004; x_wconf 91' lang='lat' dir='ltr'>bello</span> <span class='ocrx_word' id='word_1_126' title='bbox 1157 967 1374 1016; x_wconf 87' lang='lat' dir='ltr'>reipublicae</span> <span class='ocrx_word' id='word_1_127' title='bbox 1403 979 1460 1002; x_wconf 88' lang='lat' dir='ltr'>re-</span> 
     </span>
     <span class='ocr_line' id='line_1_16' title="bbox 174 1019 1506 1068; baseline -0.002 -11"><span class='ocrx_word' id='word_1_128' title='bbox 174 1029 197 1046; x_wconf 85' lang='lat'><strong>“</strong></span> <span class='ocrx_word' id='word_1_129' title='bbox 215 1021 340 1057; x_wconf 92' lang='lat' dir='ltr'>medio</span> <span class='ocrx_word' id='word_1_130' title='bbox 378 1020 447 1056; x_wconf 91' lang='lat' dir='ltr'>suit</span> <span class='ocrx_word' id='word_1_131' title='bbox 465 1021 480 1056; x_wconf 67' lang='grc' dir='ltr'>’ἕ</span> <span class='ocrx_word' id='word_1_132' title='bbox 553 1021 606 1056; x_wconf 87' lang='lat' dir='ltr'>At</span> <span class='ocrx_word' id='word_1_133' title='bbox 642 1020 769 1066; x_wconf 79' lang='lat' dir='ltr'>etiam,</span> <span class='ocrx_word' id='word_1_134' title='bbox 807 1027 996 1068; x_wconf 84' lang='lat' dir='ltr'>tamquam</span> <span class='ocrx_word' id='word_1_135' title='bbox 1036 1027 1204 1056; x_wconf 89' lang='lat' dir='ltr'>veterum</span> <span class='ocrx_word' id='word_1_136' title='bbox 1233 1019 1459 1067; x_wconf 88' lang='lat' dir='ltr'>religionum</span> <span class='ocrx_word' id='word_1_137' title='bbox 1477 1026 1506 1050; x_wconf 81' lang='lat'>1⁵</span> 
     </span>
     <span class='ocr_line' id='line_1_17' title="bbox 175 1071 1462 1121; baseline -0.002 -12"><span class='ocrx_word' id='word_1_138' title='bbox 175 1082 199 1103; x_wconf 71' lang='grc' dir='ltr'><strong>κ</strong></span> <span class='ocrx_word' id='word_1_139' title='bbox 215 1085 413 1115; x_wconf 83' lang='lat' dir='ltr'>memores,</span> <span class='ocrx_word' id='word_1_140' title='bbox 430 1080 467 1108; x_wconf 91' lang='lat' dir='ltr'>et</span> <span class='ocrx_word' id='word_1_141' title='bbox 486 1072 703 1121; x_wconf 86' lang='lat' dir='ltr'>peregrinos</span> <span class='ocrx_word' id='word_1_142' title='bbox 723 1072 825 1108; x_wconf 88' lang='lat' dir='ltr'>Deos</span> <span class='ocrx_word' id='word_1_143' title='bbox 854 1071 1112 1108; x_wconf 79' lang='lat' dir='ltr'>transtulimus</span> <span class='ocrx_word' id='word_1_144' title='bbox 1139 1071 1318 1114; x_wconf 83' lang='lat' dir='ltr'>Romam,</span> <span class='ocrx_word' id='word_1_145' title='bbox 1349 1079 1386 1107; x_wconf 89' lang='lat' dir='ltr'>et</span> <span class='ocrx_word' id='word_1_146' title='bbox 1405 1071 1462 1107; x_wconf 91' lang='lat' dir='ltr'>in-</span> 
     </span>
     <span class='ocr_line' id='line_1_18' title="bbox 176 1123 1460 1173; baseline -0.002 -12"><span class='ocrx_word' id='word_1_147' title='bbox 176 1135 200 1155; x_wconf 81' lang='grc' dir='ltr'><strong><em>ιι</em></strong></span> <span class='ocrx_word' id='word_1_148' title='bbox 214 1125 404 1161; x_wconf 89' lang='lat' dir='ltr'>stituimus</span> <span class='ocrx_word' id='word_1_149' title='bbox 420 1137 545 1161; x_wconf 88' lang='lat' dir='ltr'>novos.</span> <span class='ocrx_word' id='word_1_150' title='bbox 602 1124 705 1161; x_wconf 89' lang='lat' dir='ltr'>Juno</span> <span class='ocrx_word' id='word_1_151' title='bbox 724 1124 891 1173; x_wconf 86' lang='lat' dir='ltr'>Regina,</span> <span class='ocrx_word' id='word_1_152' title='bbox 929 1131 1141 1160; x_wconf 85' lang='lat' dir='ltr'>transvecta</span> <span class='ocrx_word' id='word_1_153' title='bbox 1161 1136 1182 1159; x_wconf 93' lang='lat' dir='ltr'>a</span> <span class='ocrx_word' id='word_1_154' title='bbox 1201 1123 1320 1172; x_wconf 88' lang='lat' dir='ltr'>Vejis,</span> <span class='ocrx_word' id='word_1_155' title='bbox 1341 1135 1460 1171; x_wconf 86' lang='lat' dir='ltr'>nuper</span> 
     </span>
     <span class='ocr_line' id='line_1_19' title="bbox 177 1176 1462 1224; baseline -0.002 -11"><span class='ocrx_word' id='word_1_156' title='bbox 177 1188 202 1208; x_wconf 87' lang='grc' dir='ltr'><strong><em>ιι</em></strong></span> <span class='ocrx_word' id='word_1_157' title='bbox 217 1177 253 1213; x_wconf 89' lang='lat' dir='ltr'>in</span> <span class='ocrx_word' id='word_1_158' title='bbox 276 1176 467 1213; x_wconf 90' lang='lat' dir='ltr'>Aventino</span> <span class='ocrx_word' id='word_1_159' title='bbox 486 1176 598 1224; x_wconf 71' lang='lat' dir='ltr'>quam</span> <span class='ocrx_word' id='word_1_160' title='bbox 629 1176 770 1224; x_wconf 85' lang='lat' dir='ltr'>insigni</span> <span class='ocrx_word' id='word_1_161' title='bbox 801 1177 850 1212; x_wconf 92' lang='lat' dir='ltr'>ob</span> <span class='ocrx_word' id='word_1_162' title='bbox 882 1176 1074 1212; x_wconf 82' lang='lat' dir='ltr'>excellens</span> <span class='ocrx_word' id='word_1_163' title='bbox 1103 1183 1357 1212; x_wconf 85' lang='lat' dir='ltr'>matronarum</span> <span class='ocrx_word' id='word_1_164' title='bbox 1387 1186 1462 1211; x_wconf 86' lang='lat' dir='ltr'>stu-</span> 
     </span>
     <span class='ocr_line' id='line_1_20' title="bbox 178 1227 1462 1285; baseline -0.001 -21"><span class='ocrx_word' id='word_1_165' title='bbox 178 1241 202 1261; x_wconf 92' lang='grc' dir='ltr'>ιι</span> <span class='ocrx_word' id='word_1_166' title='bbox 216 1229 319 1265; x_wconf 90' lang='lat' dir='ltr'>dium</span> <span class='ocrx_word' id='word_1_167' title='bbox 340 1228 554 1276; x_wconf 89' lang='lat' dir='ltr'>celebrique</span> <span class='ocrx_word' id='word_1_168' title='bbox 575 1229 749 1264; x_wconf 87' lang='lat' dir='ltr'>dedicata</span> <span class='ocrx_word' id='word_1_169' title='bbox 768 1235 825 1264; x_wconf 88' lang='lat' dir='ltr'>est</span> <span class='ocrx_word' id='word_1_170' title='bbox 844 1228 904 1264; x_wconf 91' lang='lat' dir='ltr'>die</span> <span class='ocrx_word' id='word_1_171' title='bbox 922 1229 936 1263; x_wconf 69' lang='grc' dir='ltr'>Ἰ</span> <span class='ocrx_word' id='word_1_172' title='bbox 993 1228 1068 1276; x_wconf 88' lang='lat' dir='ltr'>Ajo</span> <span class='ocrx_word' id='word_1_173' title='bbox 1088 1227 1248 1264; x_wconf 93' lang='lat' dir='ltr'>Locutio</span> <span class='ocrx_word' id='word_1_174' title='bbox 1268 1227 1462 1285; x_wconf 79' lang='lat' dir='ltr'>templum,</span> 
     </span>
     <span class='ocr_line' id='line_1_21' title="bbox 180 1279 1510 1329; baseline -0.002 -12"><span class='ocrx_word' id='word_1_175' title='bbox 180 1293 204 1313; x_wconf 91' lang='grc' dir='ltr'>ιι</span> <span class='ocrx_word' id='word_1_176' title='bbox 218 1288 366 1329; x_wconf 85' lang='lat' dir='ltr'>propter</span> <span class='ocrx_word' id='word_1_177' title='bbox 387 1281 579 1317; x_wconf 87' lang='lat' dir='ltr'>eoelestem</span> <span class='ocrx_word' id='word_1_178' title='bbox 601 1293 729 1317; x_wconf 90' lang='lat' dir='ltr'>vocem</span> <span class='ocrx_word' id='word_1_179' title='bbox 750 1280 967 1316; x_wconf 82' lang='lat' dir='ltr'>exauditam</span> <span class='ocrx_word' id='word_1_180' title='bbox 998 1280 1035 1316; x_wconf 92' lang='lat' dir='ltr'>in</span> <span class='ocrx_word' id='word_1_181' title='bbox 1056 1279 1165 1316; x_wconf 74' lang='lat' dir='ltr'>Nova</span> <span class='ocrx_word' id='word_1_182' title='bbox 1185 1279 1256 1326; x_wconf 74' lang='lat' dir='ltr'>via,</span> <span class='ocrx_word' id='word_1_183' title='bbox 1283 1279 1510 1328; x_wconf 67' lang='lat' dir='ltr'>jussimus‘zo</span> 
     </span>
     <span class='ocr_line' id='line_1_22' title="bbox 181 1331 1466 1381; baseline 0 -14"><span class='ocrx_word' id='word_1_184' title='bbox 181 1347 204 1367; x_wconf 88' lang='grc' dir='ltr'>ιι</span> <span class='ocrx_word' id='word_1_185' title='bbox 218 1333 325 1369; x_wconf 87' lang='lat' dir='ltr'>fieri:</span> <span class='ocrx_word' id='word_1_186' title='bbox 355 1333 586 1381; x_wconf 86' lang='lat' dir='ltr'>Capitolinos</span> <span class='ocrx_word' id='word_1_187' title='bbox 606 1333 714 1369; x_wconf 88' lang='lat' dir='ltr'>ludos</span> <span class='ocrx_word' id='word_1_188' title='bbox 739 1332 958 1369; x_wconf 89' lang='lat' dir='ltr'>solennibus</span> <span class='ocrx_word' id='word_1_189' title='bbox 978 1332 1060 1368; x_wconf 89' lang='lat' dir='ltr'>aliis</span> <span class='ocrx_word' id='word_1_190' title='bbox 1080 1332 1318 1368; x_wconf 86' lang='lat' dir='ltr'>addidimus·</span> <span class='ocrx_word' id='word_1_191' title='bbox 1310 1360 1319 1376; x_wconf 91' lang='lat'>‚</span> <span class='ocrx_word' id='word_1_192' title='bbox 1351 1331 1466 1367; x_wconf 89' lang='lat' dir='ltr'>colle-</span> 
     </span>
     <span class='ocr_line' id='line_1_23' title="bbox 182 1382 1465 1435; baseline 0.001 -17"><span class='ocrx_word' id='word_1_193' title='bbox 182 1398 207 1418; x_wconf 89' lang='grc' dir='ltr'><strong><em>ιι</em></strong></span> <span class='ocrx_word' id='word_1_194' title='bbox 223 1386 401 1435; x_wconf 85' lang='lat' dir='ltr'>giumque</span> <span class='ocrx_word' id='word_1_195' title='bbox 423 1385 469 1421; x_wconf 91' lang='lat' dir='ltr'>ad</span> <span class='ocrx_word' id='word_1_196' title='bbox 490 1385 526 1421; x_wconf 93' lang='lat' dir='ltr'>id</span> <span class='ocrx_word' id='word_1_197' title='bbox 547 1398 698 1427; x_wconf 88' lang='lat' dir='ltr'>novum,</span> <span class='ocrx_word' id='word_1_198' title='bbox 720 1392 872 1421; x_wconf 87' lang='lat' dir='ltr'>auctore</span> <span class='ocrx_word' id='word_1_199' title='bbox 892 1392 1041 1427; x_wconf 79' lang='lat' dir='ltr'>senatu,</span> <span class='ocrx_word' id='word_1_200' title='bbox 1062 1384 1314 1421; x_wconf 84' lang='lat' dir='ltr'>condidimus.</span> <span class='ocrx_word' id='word_1_201' title='bbox 1356 1382 1465 1422; x_wconf 79' lang='lat' dir='ltr'>Quid</span> 
     </span>
     <span class='ocr_line' id='line_1_24' title="bbox 184 1435 1467 1486; baseline 0 -15"><span class='ocrx_word' id='word_1_202' title='bbox 184 1450 208 1471; x_wconf 88' lang='grc' dir='ltr'><strong><em>ιι</em></strong></span> <span class='ocrx_word' id='word_1_203' title='bbox 224 1439 357 1475; x_wconf 89' lang='lat' dir='ltr'>horum</span> <span class='ocrx_word' id='word_1_204' title='bbox 376 1450 470 1486; x_wconf 90' lang='lat' dir='ltr'>opus</span> <span class='ocrx_word' id='word_1_205' title='bbox 490 1437 560 1473; x_wconf 87' lang='lat' dir='ltr'>fuit</span> <span class='ocrx_word' id='word_1_206' title='bbox 578 1437 731 1486; x_wconf 81' lang='lat' dir='ltr'>suscipi,</span> <span class='ocrx_word' id='word_1_207' title='bbox 766 1437 796 1473; x_wconf 88' lang='lat' dir='ltr'>si</span> <span class='ocrx_word' id='word_1_208' title='bbox 816 1437 893 1472; x_wconf 71' lang='lat' dir='ltr'>una</span> <span class='ocrx_word' id='word_1_209' title='bbox 912 1449 1001 1473; x_wconf 93' lang='lat' dir='ltr'>cum</span> <span class='ocrx_word' id='word_1_210' title='bbox 1027 1437 1145 1473; x_wconf 89' lang='lat' dir='ltr'>Gallis</span> <span class='ocrx_word' id='word_1_211' title='bbox 1166 1436 1296 1472; x_wconf 90' lang='lat' dir='ltr'>urbem</span> <span class='ocrx_word' id='word_1_212' title='bbox 1325 1435 1467 1472; x_wconf 90' lang='lat' dir='ltr'>Roma-</span> 
     </span>
     <span class='ocr_line' id='line_1_25' title="bbox 181 1486 1467 1527; baseline -0.002 -1"><span class='ocrx_word' id='word_1_213' title='bbox 181 1497 307 1527; x_wconf 84' lang='lat' dir='ltr'>“nam</span> <span class='ocrx_word' id='word_1_214' title='bbox 329 1490 495 1526; x_wconf 87' lang='lat' dir='ltr'>relicturi</span> <span class='ocrx_word' id='word_1_215' title='bbox 517 1489 681 1525; x_wconf 66' lang='lat' dir='ltr'>fuimus?</span> <span class='ocrx_word' id='word_1_216' title='bbox 731 1489 761 1524; x_wconf 90' lang='lat' dir='ltr'>si</span> <span class='ocrx_word' id='word_1_217' title='bbox 782 1502 858 1525; x_wconf 91' lang='lat' dir='ltr'>non</span> <span class='ocrx_word' id='word_1_218' title='bbox 881 1489 1068 1525; x_wconf 85' lang='lat' dir='ltr'>voluntate</span> <span class='ocrx_word' id='word_1_219' title='bbox 1089 1488 1296 1524; x_wconf 89' lang='lat' dir='ltr'>mansimus</span> <span class='ocrx_word' id='word_1_220' title='bbox 1326 1487 1363 1523; x_wconf 85' lang='lat' dir='ltr'>in</span> <span class='ocrx_word' id='word_1_221' title='bbox 1393 1486 1467 1523; x_wconf 88' lang='lat' dir='ltr'>Ca-</span> 
     </span>
     <span class='ocr_line' id='line_1_26' title="bbox 181 1540 1514 1591; baseline -0.002 -13"><span class='ocrx_word' id='word_1_222' title='bbox 181 1549 204 1569; x_wconf 83' lang='lat'><strong>“</strong></span> <span class='ocrx_word' id='word_1_223' title='bbox 219 1542 348 1591; x_wconf 88' lang='lat' dir='ltr'>pitolio</span> <span class='ocrx_word' id='word_1_224' title='bbox 366 1555 432 1590; x_wconf 87' lang='lat' dir='ltr'>per</span> <span class='ocrx_word' id='word_1_225' title='bbox 464 1549 518 1578; x_wconf 88' lang='lat' dir='ltr'>tot</span> <span class='ocrx_word' id='word_1_226' title='bbox 546 1554 696 1577; x_wconf 88' lang='lat' dir='ltr'>menses</span> <span class='ocrx_word' id='word_1_227' title='bbox 714 1540 950 1578; x_wconf 84' lang='lat' dir='ltr'>obsidionis</span> <span class='ocrx_word' id='word_1_228' title='bbox 939 1542 952 1565; x_wconf 64' lang='grc' dir='ltr'><strong><em>Τ</em></strong></span> <span class='ocrx_word' id='word_1_229' title='bbox 983 1540 1012 1576; x_wconf 93' lang='lat' dir='ltr'>si</span> <span class='ocrx_word' id='word_1_230' title='bbox 1033 1540 1079 1576; x_wconf 88' lang='lat' dir='ltr'>ab</span> <span class='ocrx_word' id='word_1_231' title='bbox 1100 1540 1269 1576; x_wconf 86' lang='lat' dir='ltr'>hostibus</span> <span class='ocrx_word' id='word_1_232' title='bbox 1288 1546 1391 1576; x_wconf 91' lang='lat' dir='ltr'>metu</span> <span class='ocrx_word' id='word_1_233' title='bbox 1411 1551 1502 1575; x_wconf 91' lang='lat' dir='ltr'>re-·</span> <span class='ocrx_word' id='word_1_234' title='bbox 1500 1549 1514 1569; x_wconf 61' lang='grc' dir='ltr'><strong><em>ι</em></strong></span> 
     </span>
     <span class='ocr_line' id='line_1_27' title="bbox 181 1590 1467 1649; baseline -0.003 -19"><span class='ocrx_word' id='word_1_235' title='bbox 181 1594 312 1630; x_wconf 81' lang='lat' dir='ltr'>“tenti</span> <span class='ocrx_word' id='word_1_236' title='bbox 346 1596 505 1630; x_wconf 61' lang='lat' dir='ltr'>sumus!</span> <span class='ocrx_word' id='word_1_237' title='bbox 561 1593 619 1629; x_wconf 90' lang='lat' dir='ltr'>De</span> <span class='ocrx_word' id='word_1_238' title='bbox 657 1593 774 1629; x_wconf 86' lang='lat' dir='ltr'>sacris</span> <span class='ocrx_word' id='word_1_239' title='bbox 802 1593 987 1640; x_wconf 90' lang='lat' dir='ltr'>loquimur</span> <span class='ocrx_word' id='word_1_240' title='bbox 1016 1600 1053 1628; x_wconf 88' lang='lat' dir='ltr'>et</span> <span class='ocrx_word' id='word_1_241' title='bbox 1081 1593 1127 1628; x_wconf 93' lang='lat' dir='ltr'>de</span> <span class='ocrx_word' id='word_1_242' title='bbox 1157 1591 1331 1649; x_wconf 79' lang='lat' dir='ltr'>templis:</span> <span class='ocrx_word' id='word_1_243' title='bbox 1378 1590 1467 1638; x_wconf 89' lang='lat' dir='ltr'>quid</span> 
     </span>
     <span class='ocr_line' id='line_1_28' title="bbox 183 1643 1469 1691; baseline -0.003 -9"><span class='ocrx_word' id='word_1_244' title='bbox 183 1646 374 1682; x_wconf 81' lang='lat' dir='ltr'>“tandem</span> <span class='ocrx_word' id='word_1_245' title='bbox 395 1646 441 1682; x_wconf 95' lang='lat' dir='ltr'>de</span> <span class='ocrx_word' id='word_1_246' title='bbox 462 1646 752 1682; x_wconf 64' lang='lat' dir='ltr'>sacerdotibus?</span> <span class='ocrx_word' id='word_1_247' title='bbox 809 1644 978 1681; x_wconf 92' lang='lat' dir='ltr'>Nonne</span> <span class='ocrx_word' id='word_1_248' title='bbox 971 1658 1007 1680; x_wconf 82' lang='lat' dir='ltr'>in</span> <span class='ocrx_word' id='word_1_249' title='bbox 1031 1651 1196 1680; x_wconf 87' lang='lat' dir='ltr'>mentem</span> <span class='ocrx_word' id='word_1_250' title='bbox 1217 1643 1332 1689; x_wconf 90' lang='lat' dir='ltr'>venit,</span> <span class='ocrx_word' id='word_1_251' title='bbox 1351 1655 1469 1691; x_wconf 84' lang='lat' dir='ltr'>quan-</span> 
     </span>
     <span class='ocr_line' id='line_1_29' title="bbox 183 1673 1471 1747; baseline -0.003 -13"><span class='ocrx_word' id='word_1_252' title='bbox 183 1706 208 1727; x_wconf 77' lang='lat'><strong><em>«</em></strong></span> <span class='ocrx_word' id='word_1_253' title='bbox 223 1706 301 1734; x_wconf 92' lang='lat' dir='ltr'>tum</span> <span class='ocrx_word' id='word_1_254' title='bbox 323 1698 462 1747; x_wconf 89' lang='lat' dir='ltr'>piaculi</span> <span class='ocrx_word' id='word_1_255' title='bbox 483 1698 738 1734; x_wconf 79' lang='lat' dir='ltr'>committatur</span> <span class='ocrx_word' id='word_1_256' title='bbox 756 1699 770 1733; x_wconf 73' lang='lat' dir='ltr'>‘l</span> <span class='ocrx_word' id='word_1_257' title='bbox 828 1696 1045 1733; x_wconf 86' lang='lat' dir='ltr'>Vestalibus</span> <span class='ocrx_word' id='word_1_258' title='bbox 1065 1708 1201 1744; x_wconf 88' lang='lat' dir='ltr'>nempe</span> <span class='ocrx_word' id='word_1_259' title='bbox 1229 1708 1305 1731; x_wconf 90' lang='lat' dir='ltr'>una</span> <span class='ocrx_word' id='word_1_260' title='bbox 1323 1673 1387 1731; x_wconf 87' lang='lat' dir='ltr'>illa</span> <span class='ocrx_word' id='word_1_261' title='bbox 1414 1707 1471 1731; x_wconf 87' lang='lat' dir='ltr'>se-</span> 
     </span>
     <span class='ocr_line' id='line_1_30' title="bbox 184 1747 1468 1798; baseline -0.002 -12"><span class='ocrx_word' id='word_1_262' title='bbox 184 1759 208 1780; x_wconf 81' lang='lat'><strong><em>«</em></strong></span> <span class='ocrx_word' id='word_1_263' title='bbox 223 1751 290 1786; x_wconf 87' lang='lat' dir='ltr'>des</span> <span class='ocrx_word' id='word_1_264' title='bbox 309 1758 378 1793; x_wconf 87' lang='lat' dir='ltr'>est,</span> <span class='ocrx_word' id='word_1_265' title='bbox 399 1763 445 1786; x_wconf 85' lang='lat' dir='ltr'>ex</span> <span class='ocrx_word' id='word_1_266' title='bbox 465 1750 539 1798; x_wconf 71' lang='lat' dir='ltr'>qua</span> <span class='ocrx_word' id='word_1_267' title='bbox 559 1762 622 1785; x_wconf 86' lang='lat' dir='ltr'>eas</span> <span class='ocrx_word' id='word_1_268' title='bbox 642 1750 734 1786; x_wconf 90' lang='lat' dir='ltr'>nihil</span> <span class='ocrx_word' id='word_1_269' title='bbox 756 1761 934 1797; x_wconf 88' lang='lat' dir='ltr'>unquam,</span> <span class='ocrx_word' id='word_1_270' title='bbox 961 1757 1206 1797; x_wconf 83' lang='lat' dir='ltr'>praeterquam</span> <span class='ocrx_word' id='word_1_271' title='bbox 1226 1747 1468 1795; x_wconf 77' lang='lat' dir='ltr'>Urbs&#39;eapta,</span> 
     </span>
     <span class='ocr_line' id='line_1_31' title="bbox 184 1799 1515 1839; baseline -0.003 0"><span class='ocrx_word' id='word_1_272' title='bbox 184 1812 208 1832; x_wconf 67' lang='grc' dir='ltr'>ιι</span> <span class='ocrx_word' id='word_1_273' title='bbox 224 1803 348 1839; x_wconf 90' lang='lat' dir='ltr'>movit.</span> <span class='ocrx_word' id='word_1_274' title='bbox 406 1802 571 1839; x_wconf 87' lang='lat' dir='ltr'>Flamini</span> <span class='ocrx_word' id='word_1_275' title='bbox 591 1802 691 1838; x_wconf 89' lang='lat' dir='ltr'>Diali</span> <span class='ocrx_word' id='word_1_276' title='bbox 712 1809 862 1838; x_wconf 87' lang='lat' dir='ltr'>noctem</span> <span class='ocrx_word' id='word_1_277' title='bbox 897 1814 1011 1837; x_wconf 90' lang='lat' dir='ltr'>unam</span> <span class='ocrx_word' id='word_1_278' title='bbox 1031 1813 1183 1837; x_wconf 88' lang='lat' dir='ltr'>manere</span> <span class='ocrx_word' id='word_1_279' title='bbox 1203 1807 1309 1836; x_wconf 84' lang='lat' dir='ltr'>extra</span> <span class='ocrx_word' id='word_1_280' title='bbox 1337 1799 1469 1835; x_wconf 90' lang='lat' dir='ltr'>urbem</span> <span class='ocrx_word' id='word_1_281' title='bbox 1483 1815 1515 1839; x_wconf 72' lang='lat'>30</span> 
     </span>
     <span class='ocr_line' id='line_1_32' title="bbox 185 1852 1471 1902; baseline -0.004 -11"><span class='ocrx_word' id='word_1_282' title='bbox 185 1855 330 1891; x_wconf 77' lang='lat' dir='ltr'>“nefas</span> <span class='ocrx_word' id='word_1_283' title='bbox 349 1862 417 1891; x_wconf 83' lang='lat' dir='ltr'>est.</span> <span class='ocrx_word' id='word_1_284' title='bbox 477 1855 558 1891; x_wconf 87' lang='lat' dir='ltr'>Hos</span> <span class='ocrx_word' id='word_1_285' title='bbox 579 1854 760 1902; x_wconf 87' lang='lat' dir='ltr'>Vejentes</span> <span class='ocrx_word' id='word_1_286' title='bbox 779 1867 845 1902; x_wconf 92' lang='lat' dir='ltr'>pro</span> <span class='ocrx_word' id='word_1_287' title='bbox 866 1853 1052 1890; x_wconf 81' lang='lat' dir='ltr'>Romanis</span> <span class='ocrx_word' id='word_1_288' title='bbox 1085 1852 1219 1888; x_wconf 85' lang='lat' dir='ltr'>facturi</span> <span class='ocrx_word' id='word_1_289' title='bbox 1239 1852 1328 1888; x_wconf 87' lang='lat' dir='ltr'>estis</span> <span class='ocrx_word' id='word_1_290' title='bbox 1348 1863 1471 1887; x_wconf 87' lang='lat' dir='ltr'>sacer-</span> 
     </span>
     <span class='ocr_line' id='line_1_33' title="bbox 186 1903 1471 1952; baseline -0.003 -10"><span class='ocrx_word' id='word_1_291' title='bbox 186 1917 210 1937; x_wconf 84' lang='grc' dir='ltr'><strong><em>ιι</em></strong></span> <span class='ocrx_word' id='word_1_292' title='bbox 224 1907 341 1949; x_wconf 90' lang='lat' dir='ltr'>dotes,</span> <span class='ocrx_word' id='word_1_293' title='bbox 363 1914 401 1942; x_wconf 86' lang='lat' dir='ltr'>et</span> <span class='ocrx_word' id='word_1_294' title='bbox 420 1906 592 1942; x_wconf 88' lang='lat' dir='ltr'>Vestales</span> <span class='ocrx_word' id='word_1_295' title='bbox 612 1913 685 1942; x_wconf 81' lang='lat' dir='ltr'>tuae</span> <span class='ocrx_word' id='word_1_296' title='bbox 705 1913 740 1942; x_wconf 89' lang='lat' dir='ltr'>te</span> <span class='ocrx_word' id='word_1_297' title='bbox 761 1906 948 1948; x_wconf 87' lang='lat' dir='ltr'>deserent,</span> <span class='ocrx_word' id='word_1_298' title='bbox 970 1905 1112 1941; x_wconf 91' lang='lat' dir='ltr'>Vesta.</span> <span class='ocrx_word' id='word_1_299' title='bbox 1101 1906 1115 1929; x_wconf 64' lang='lat' dir='ltr'>‘l</span> <span class='ocrx_word' id='word_1_300' title='bbox 1153 1911 1191 1939; x_wconf 89' lang='lat' dir='ltr'>et</span> <span class='ocrx_word' id='word_1_301' title='bbox 1210 1903 1346 1939; x_wconf 88' lang='lat' dir='ltr'>flamen</span> <span class='ocrx_word' id='word_1_302' title='bbox 1367 1916 1471 1952; x_wconf 88' lang='lat' dir='ltr'>pere-</span> 
     </span>
     <span class='ocr_line' id='line_1_34' title="bbox 187 1955 1471 2013; baseline -0.003 -18"><span class='ocrx_word' id='word_1_303' title='bbox 187 1970 212 1990; x_wconf 80' lang='grc' dir='ltr'><strong><em>ι·</em></strong></span> <span class='ocrx_word' id='word_1_304' title='bbox 225 1958 291 2007; x_wconf 64' lang='lat' dir='ltr'>gre}</span> <span class='ocrx_word' id='word_1_305' title='bbox 314 1958 544 1995; x_wconf 85' lang='lat' dir='ltr'>habitando</span> <span class='ocrx_word' id='word_1_306' title='bbox 538 1970 574 1994; x_wconf 84' lang='lat' dir='ltr'>in</span> <span class='ocrx_word' id='word_1_307' title='bbox 595 1957 763 2005; x_wconf 81' lang='lat' dir='ltr'>singulas</span> <span class='ocrx_word' id='word_1_308' title='bbox 793 1964 923 1993; x_wconf 87' lang='lat' dir='ltr'>noctes</span> <span class='ocrx_word' id='word_1_309' title='bbox 956 1963 1101 1992; x_wconf 90' lang='lat' dir='ltr'>tantum</span> <span class='ocrx_word' id='word_1_310' title='bbox 1133 1955 1203 1992; x_wconf 91' lang='lat' dir='ltr'>sibi</span> <span class='ocrx_word' id='word_1_311' title='bbox 1230 1955 1357 2003; x_wconf 87' lang='lat' dir='ltr'>reique</span> <span class='ocrx_word' id='word_1_312' title='bbox 1377 1956 1471 2013; x_wconf 90' lang='lat' dir='ltr'>pub-</span> 
     </span>
     <span class='ocr_line' id='line_1_35' title="bbox 188 2006 1472 2069; baseline -0.003 -22"><span class='ocrx_word' id='word_1_313' title='bbox 188 2021 211 2042; x_wconf 75' lang='grc' dir='ltr'><strong><em>ιι</em></strong></span> <span class='ocrx_word' id='word_1_314' title='bbox 226 2012 308 2047; x_wconf 85' lang='lat' dir='ltr'>licae</span> <span class='ocrx_word' id='word_1_315' title='bbox 319 2011 476 2069; x_wconf 88' lang='lat' dir='ltr'>piaculi</span> <span class='ocrx_word' id='word_1_316' title='bbox 488 2010 712 2046; x_wconf 65' lang='lat' dir='ltr'>contrahet?</span> <span class='ocrx_word' id='word_1_317' title='bbox 767 2008 875 2047; x_wconf 81' lang='lat' dir='ltr'>Quid</span> <span class='ocrx_word' id='word_1_318' title='bbox 896 2008 980 2052; x_wconf 84' lang='lat' dir='ltr'>alia,</span> <span class='ocrx_word' id='word_1_319' title='bbox 1002 2021 1083 2056; x_wconf 85' lang='lat' dir='ltr'>quae</span> <span class='ocrx_word' id='word_1_320' title='bbox 1104 2006 1297 2056; x_wconf 71' lang='lat' dir='ltr'>auspicato</span> <span class='ocrx_word' id='word_1_321' title='bbox 1326 2008 1472 2056; x_wconf 86' lang='lat' dir='ltr'>agimus</span> 
     </span>
     <span class='ocr_line' id='line_1_36' title="bbox 188 2060 1519 2111; baseline -0.003 -12"><span class='ocrx_word' id='word_1_322' title='bbox 188 2063 353 2100; x_wconf 73' lang='lat' dir='ltr'>&lt;comnia</span> <span class='ocrx_word' id='word_1_323' title='bbox 373 2063 446 2099; x_wconf 81' lang='lat' dir='ltr'>sere</span> <span class='ocrx_word' id='word_1_324' title='bbox 470 2062 566 2098; x_wconf 89' lang='lat' dir='ltr'>intra</span> <span class='ocrx_word' id='word_1_325' title='bbox 593 2061 831 2111; x_wconf 83' lang='lat' dir='ltr'>pomoerium,</span> <span class='ocrx_word' id='word_1_326' title='bbox 861 2061 922 2096; x_wconf 90' lang='lat' dir='ltr'>cui</span> <span class='ocrx_word' id='word_1_327' title='bbox 951 2061 1140 2106; x_wconf 88' lang='lat' dir='ltr'>oblivioni,</span> <span class='ocrx_word' id='word_1_328' title='bbox 1171 2068 1234 2096; x_wconf 90' lang='lat' dir='ltr'>aut</span> <span class='ocrx_word' id='word_1_329' title='bbox 1263 2060 1324 2096; x_wconf 91' lang='lat' dir='ltr'>cui</span> <span class='ocrx_word' id='word_1_330' title='bbox 1355 2060 1519 2109; x_wconf 64' lang='lat' dir='ltr'>negli-ag,</span> 
     </span>
     <span class='ocr_line' id='line_1_37' title="bbox 189 2112 1474 2164; baseline -0.002 -13"><span class='ocrx_word' id='word_1_331' title='bbox 189 2127 213 2147; x_wconf 85' lang='grc' dir='ltr'>ιι</span> <span class='ocrx_word' id='word_1_332' title='bbox 227 2116 364 2164; x_wconf 82' lang='lat' dir='ltr'>gentiae</span> <span class='ocrx_word' id='word_1_333' title='bbox 385 2114 546 2151; x_wconf 61' lang='lat' dir='ltr'>damus?</span> <span class='ocrx_word' id='word_1_334' title='bbox 603 2114 768 2151; x_wconf 80' lang='lat' dir='ltr'>Comitia</span> <span class='ocrx_word' id='word_1_335' title='bbox 787 2113 943 2159; x_wconf 80' lang='lat' dir='ltr'>curiata,</span> <span class='ocrx_word' id='word_1_336' title='bbox 964 2126 1045 2161; x_wconf 80' lang='lat' dir='ltr'>quae</span> <span class='ocrx_word' id='word_1_337' title='bbox 1066 2126 1143 2149; x_wconf 90' lang='lat' dir='ltr'>rem</span> <span class='ocrx_word' id='word_1_338' title='bbox 1165 2112 1364 2148; x_wconf 82' lang='lat' dir='ltr'>militarem</span> <span class='ocrx_word' id='word_1_339' title='bbox 1384 2125 1474 2148; x_wconf 90' lang='lat' dir='ltr'>con·</span> 
     </span>
     <span class='ocr_line' id='line_1_38' title="bbox 190 2164 1474 2212; baseline -0.003 -8"><span class='ocrx_word' id='word_1_340' title='bbox 190 2179 213 2199; x_wconf 87' lang='grc' dir='ltr'><strong><em>ιι</em></strong></span> <span class='ocrx_word' id='word_1_341' title='bbox 230 2169 374 2212; x_wconf 89' lang='lat' dir='ltr'>tinent;</span> <span class='ocrx_word' id='word_1_342' title='bbox 419 2167 572 2204; x_wconf 91' lang='lat' dir='ltr'>comitia</span> <span class='ocrx_word' id='word_1_343' title='bbox 601 2166 825 2212; x_wconf 84' lang='lat' dir='ltr'>centuriata,</span> <span class='ocrx_word' id='word_1_344' title='bbox 863 2166 998 2212; x_wconf 89' lang='lat' dir='ltr'>quibus</span> <span class='ocrx_word' id='word_1_345' title='bbox 1027 2164 1202 2202; x_wconf 85' lang='lat' dir='ltr'>consules</span> <span class='ocrx_word' id='word_1_346' title='bbox 1231 2164 1474 2212; x_wconf 90' lang='lat' dir='ltr'>tribunosque</span> 
     </span>
     <span class='ocr_line' id='line_1_39' title="bbox 191 2216 1475 2266; baseline -0.003 -10"><span class='ocrx_word' id='word_1_347' title='bbox 191 2231 216 2251; x_wconf 90' lang='grc' dir='ltr'>ιι</span> <span class='ocrx_word' id='word_1_348' title='bbox 231 2220 409 2255; x_wconf 84' lang='lat' dir='ltr'>militares</span> <span class='ocrx_word' id='word_1_349' title='bbox 429 2219 576 2265; x_wconf 88' lang='lat' dir='ltr'>creatis,</span> <span class='ocrx_word' id='word_1_350' title='bbox 599 2219 662 2255; x_wconf 94' lang='lat' dir='ltr'>ubi</span> <span class='ocrx_word' id='word_1_351' title='bbox 683 2216 888 2266; x_wconf 75' lang='lat' dir='ltr'>auspicato,</span> <span class='ocrx_word' id='word_1_352' title='bbox 920 2218 991 2254; x_wconf 88' lang='lat' dir='ltr'>nisi</span> <span class='ocrx_word' id='word_1_353' title='bbox 1012 2218 1075 2254; x_wconf 91' lang='lat' dir='ltr'>ubi</span> <span class='ocrx_word' id='word_1_354' title='bbox 1097 2217 1273 2259; x_wconf 88' lang='lat' dir='ltr'>assolent,</span> <span class='ocrx_word' id='word_1_355' title='bbox 1295 2216 1374 2252; x_wconf 87' lang='lat' dir='ltr'>fieri</span> <span class='ocrx_word' id='word_1_356' title='bbox 1395 2229 1475 2264; x_wconf 89' lang='lat' dir='ltr'>pos-</span> 
     </span>
     <span class='ocr_line' id='line_1_40' title="bbox 192 2269 1475 2320; baseline -0.001 -15"><span class='ocrx_word' id='word_1_357' title='bbox 192 2283 216 2304; x_wconf 91' lang='grc' dir='ltr'>ιι</span> <span class='ocrx_word' id='word_1_358' title='bbox 230 2279 317 2307; x_wconf 89' lang='lat' dir='ltr'>sunt</span> <span class='ocrx_word' id='word_1_359' title='bbox 333 2272 347 2307; x_wconf 72' lang='lat' dir='ltr'>&#39;l</span> <span class='ocrx_word' id='word_1_360' title='bbox 404 2272 568 2320; x_wconf 88' lang='lat' dir='ltr'>Vejosne</span> <span class='ocrx_word' id='word_1_361' title='bbox 589 2272 670 2307; x_wconf 85' lang='lat' dir='ltr'>haec</span> <span class='ocrx_word' id='word_1_362' title='bbox 687 2270 953 2307; x_wconf 85' lang='lat' dir='ltr'>transferemus</span> <span class='ocrx_word' id='word_1_363' title='bbox 970 2271 983 2305; x_wconf 65' lang='lat'><em>3</em></span> <span class='ocrx_word' id='word_1_364' title='bbox 1014 2283 1074 2313; x_wconf 92' lang='lat' dir='ltr'>an,</span> <span class='ocrx_word' id='word_1_365' title='bbox 1092 2269 1328 2306; x_wconf 89' lang='lat' dir='ltr'>comitiorum</span> <span class='ocrx_word' id='word_1_366' title='bbox 1344 2269 1475 2316; x_wconf 67' lang='lat' dir='ltr'>causa,</span> 
     </span>
    </p>
   </div>
   <div class='ocr_carea' id='block_1_3' title="bbox 195 2320 1519 2424">
    <p class='ocr_par' dir='ltr' id='par_1_3' title="bbox 195 2320 1519 2424">
     <span class='ocr_line' id='line_1_41' title="bbox 195 2320 1519 2373; baseline 0.001 -17"><span class='ocrx_word' id='word_1_367' title='bbox 195 2333 218 2356; x_wconf 94' lang='grc' dir='ltr'>ιι</span> <span class='ocrx_word' id='word_1_368' title='bbox 230 2324 389 2373; x_wconf 88' lang='lat' dir='ltr'>populus</span> <span class='ocrx_word' id='word_1_369' title='bbox 407 2331 510 2360; x_wconf 85' lang='lat' dir='ltr'>tanto</span> <span class='ocrx_word' id='word_1_370' title='bbox 540 2323 779 2360; x_wconf 89' lang='lat' dir='ltr'>incommodo</span> <span class='ocrx_word' id='word_1_371' title='bbox 807 2322 845 2358; x_wconf 89' lang='lat' dir='ltr'>in</span> <span class='ocrx_word' id='word_1_372' title='bbox 875 2322 1061 2358; x_wconf 86' lang='lat' dir='ltr'>desertam</span> <span class='ocrx_word' id='word_1_373' title='bbox 1092 2323 1189 2358; x_wconf 88' lang='lat' dir='ltr'>hanc</span> <span class='ocrx_word' id='word_1_374' title='bbox 1219 2321 1266 2357; x_wconf 89' lang='lat' dir='ltr'>ab</span> <span class='ocrx_word' id='word_1_375' title='bbox 1297 2320 1380 2357; x_wconf 86' lang='lat' dir='ltr'>Diis</span> <span class='ocrx_word' id='word_1_376' title='bbox 1412 2320 1474 2357; x_wconf 90' lang='lat' dir='ltr'>ho·</span> <span class='ocrx_word' id='word_1_377' title='bbox 1488 2327 1519 2352; x_wconf 74' lang='lat'>40</span> 
     </span>
     <span class='ocr_line' id='line_1_42' title="bbox 195 2375 879 2424; baseline 0 -14"><span class='ocrx_word' id='word_1_378' title='bbox 195 2389 219 2410; x_wconf 90' lang='grc' dir='ltr'>ιι</span> <span class='ocrx_word' id='word_1_379' title='bbox 233 2376 471 2424; x_wconf 87' lang='lat' dir='ltr'>minibusque</span> <span class='ocrx_word' id='word_1_380' title='bbox 493 2376 623 2412; x_wconf 91' lang='lat' dir='ltr'>urbem</span> <span class='ocrx_word' id='word_1_381' title='bbox 647 2375 848 2412; x_wconf 83' lang='lat' dir='ltr'>conveniet</span> <span class='ocrx_word' id='word_1_382' title='bbox 866 2376 879 2411; x_wconf 68' lang='lat'>:-</span> 
     </span>
    </p>
   </div>
  </div>
 </body>
</html>
