1617 2765
602 185 737 217 LIBER
761 185 831 215 XL.
878 195 952 216 cam.
975 196 1052 216 vur.
1401 187 1477 224 267

408 284 416 300 ’
471 281 603 321 Quum
624 292 798 329 pavorem
828 280 984 316 mixtum
1015 280 1263 317 admiratione
1297 282 1389 329 patri
1424 283 1479 318 in-

200 283 404 323 “tutatus.'

196 338 361 387 jecisset,
392 339 416 358 “
429 333 557 381 Atqui,
586 332 616 368 si
646 345 754 368 aures
790 333 956 380 praebere
989 332 1131 380 potes‚’'
1162 332 1293 380 inquit,
1324 335 1479 370 “mani-

200 389 371 425 “festam
401 398 478 422 rem
507 393 651 427 teneas,
683 384 859 420 faciam.‘’
917 384 1158 420 “Enimvero
1177 385 1255 430 se,'’
1286 385 1480 434 Philippus

199 441 341 486 dicere,
355 443 378 462 ‘4
392 437 604 474 auditurum
617 450 626 480 3
641 437 661 453 ”
685 436 882 483 vocarique
898 436 1085 484 extemplo
1099 436 1334 472 Demetrium
1348 437 1478 485 jussit:

169 500 235 529 ⁵et
250 492 416 528 seniores
435 490 528 526 duos
548 489 703 534 amicos,
729 495 901 536 expertes
936 488 1031 524 inter
1065 488 1196 524 fratres
1216 489 1480 535 certaminum,

198 544 455 592 infrequentes
484 541 561 590 jam
596 541 633 576 in
667 540 780 588 regia,
804 539 1072 587 Lysimachum
1100 548 1137 576 et
1156 541 1405 577 Onomastum
1427 554 1481 577 ar-

198 596 324 642 cessit,
345 608 437 643 quos
457 594 493 630 in
514 592 672 629 consilio
692 592 857 628 haberet.
916 592 1015 628 Dum
1039 592 1195 629 veniunt
1224 593 1350 636 amici,
1380 593 1481 630 solus

198 648 274 684 filio
293 646 421 696 procul
442 653 576 690 stante,
607 644 723 681 multa
752 657 882 681 secum
916 645 1042 681 animo
1062 645 1244 691 volutans,
1275 645 1482 682 inambula-

197 700 248 736 vit
267 712 275 736 τ
306 706 499 747 postquam
520 697 666 733 venisse
685 709 750 732 eos
770 697 983 734 nuntiatum
1003 706 1072 740 est,
1104 697 1260 734 secessit
1280 697 1317 733 in
1338 705 1481 746 partem

155 760 184 784 10
198 751 412 788 interiorem
450 763 537 786 cum
575 749 721 785 duobus
749 749 893 794 amicis,
923 749 1077 785 totidem
1111 750 1332 786 custodibus
1351 763 1482 798 corpo-

197 803 248 840 ris
266 816 273 840 :
303 803 400 848 filiis,
422 810 463 839 ut
481 810 607 838 ternos
627 801 790 838 inermes
809 814 939 838 secum
974 801 1270 844 introducerent,
1301 802 1481 850 permisit.

198 855 257 892 Ibi
278 868 391 904 quum
423 854 682 891 consedisset:
713 854 916 900 “Sedeoss’
951 853 1082 902 inquit,
1123 854 1391 890 “miserrimus
1419 867 1482 903 pa-

198 912 222 931 “
240 915 307 951 ter,
347 907 465 957 judex
497 907 592 944 inter
630 906 724 943 duos
766 906 871 951 filios,
912 914 1170 943 accusatorem
1211 907 1414 955 parricidii,
1444 914 1482 943 et

198 964 342 996 “reum
360 973 370 1004 ς
414 966 478 995 aut
497 958 649 995 conficti
669 966 733 994 aut
752 959 905 994 admissi
926 958 1095 995 criminis
1115 959 1237 995 labem
1259 959 1357 1007 apud
1380 972 1482 995 meos

154 1020 185 1045 1⁵
199 1015 223 1035 ‘⁶
237 1012 468 1048 inventurus.
525 1010 611 1046 Jam
642 1010 785 1058 pridem
815 1010 965 1057 quidem
997 1010 1096 1046 hanc
1129 1011 1331 1059 procellam
1363 1011 1483 1047 immi-

199 1070 224 1087 “
239 1071 391 1100 nentem
412 1063 604 1105 timebam,
625 1074 739 1110 quum
761 1062 883 1098 vultus
904 1062 1000 1098 inter
1029 1075 1092 1098 vos
1122 1062 1278 1099 minime
1301 1062 1482 1100 fraternos

199 1120 223 1140 “
236 1128 444 1160 cernerem,
483 1127 596 1162 quum
628 1126 737 1150 voces
765 1114 945 1162 quasdam
974 1115 1205 1151 exaudirem.
1264 1115 1339 1152 Sed
1370 1115 1482 1151 inter-

199 1171 223 1190 ‘4
238 1168 328 1204 dum
349 1180 433 1215 spes
453 1166 621 1202 animum
641 1166 802 1212 subibat,
837 1166 1043 1215 deflagrare
1064 1167 1136 1203 iras
1157 1174 1310 1213 vestras,
1329 1168 1481 1216 purgari

199 1223 224 1243 “
239 1219 486 1268 suspiciones,
516 1231 652 1267 posse:
699 1218 810 1254 etiam
855 1219 992 1264 hostes,
1032 1219 1145 1255 armis
1187 1220 1329 1268 positis,
1360 1220 1482 1256 foedus

152 1280 185 1305 20
199 1273 223 1294 “
237 1272 362 1317 icisse,
383 1278 420 1307 et
439 1271 600 1320 privatas
630 1270 831 1307 multorum
853 1270 1063 1306 simultates
1083 1271 1207 1308 finitas
1225 1284 1233 1307 :
1273 1272 1482 1308 subituram

199 1328 223 1348 “-
237 1324 340 1360 vobis
359 1323 559 1372 aliquando
578 1322 838 1371 germanitatis
859 1323 1090 1369 memoriam,
1121 1324 1273 1371 puerilis
1293 1324 1481 1372 quondam

199 1376 486 1424 “simplicitatis
505 1375 865 1422 consuetudinisque
895 1375 992 1411 inter
1022 1388 1098 1421 vos,
1121 1389 1287 1412 meorum
1318 1377 1482 1424 denique

199 1432 533 1476 “praeceptorum;
571 1439 667 1475 quae,
690 1440 829 1469 vereor,
861 1439 907 1462 ne
938 1439 1031 1463 vana
1061 1428 1183 1464 surdis
1212 1429 1365 1464 auribus
1385 1429 1484 1465 ceci-

199 1485 223 1504 “
239 1480 372 1516 nerim.
429 1479 593 1519 Quoties
612 1492 695 1527 ego,
717 1479 958 1515 audientibus
980 1479 1095 1521 vobis,
1123 1480 1329 1516 detestatus
1357 1494 1483 1517 exem-

152 1536 223 1564 25“
236 1531 297 1580 pla
325 1532 596 1568 discordiarum
628 1531 888 1573 fraternarum,
933 1532 1138 1568 horrendos
1167 1540 1324 1568 eventus
1353 1545 1483 1569 eorum

199 1587 223 1608 “
238 1584 360 1627 retuli,
389 1584 523 1632 quibus
543 1595 582 1619 se
602 1583 830 1631 stirpemque
859 1596 978 1629 suam,
999 1584 1142 1627 domos,
1165 1597 1292 1633 regna,
1314 1584 1483 1621 funditus

199 1640 224 1660 “
237 1636 479 1672 evertissent!
538 1635 697 1671 Meliora
716 1648 862 1683 quoque
882 1636 1056 1684 exempla
1074 1642 1178 1684 parte
1208 1636 1325 1673 altera
1352 1637 1482 1685 posui;

200 1687 453 1724 “sociabilem
475 1687 750 1723 consortionem
772 1687 867 1723 inter
897 1687 1004 1723 binos
1030 1687 1405 1725 Lacedaemoniorum
1429 1702 1484 1725 re-

200 1744 315 1789 “ges,
350 1740 550 1776 salutarem
581 1751 645 1787 per
680 1738 797 1774 inulta
822 1739 960 1775 saecula
990 1739 1079 1787 ipsis
1098 1741 1313 1788 patriaeque.
1373 1741 1484 1777 Eam-

154 1800 186 1825 30
201 1796 224 1815 ‘⁶
237 1793 323 1828 dem
353 1792 556 1833 civitatem,
577 1801 772 1839 postquam
802 1804 881 1827 mos
911 1791 980 1827 sibi
1011 1792 1147 1840 cuique
1168 1792 1338 1840 rapiendi
1359 1799 1484 1841 tyran-

199 1844 364 1881 “nidem
393 1851 543 1880 exortus
579 1843 639 1885 sit,
668 1855 847 1879 eversam.
921 1842 1007 1879 Jam
1038 1844 1104 1880 hos
1133 1844 1345 1880 Eumenem
1378 1846 1484 1891 Atta-

199 1896 389 1945 “lumque
422 1895 568 1942 fratres,
601 1907 623 1930 a
652 1894 765 1942 quam
795 1895 942 1942 exiguis
974 1896 1098 1937 rebus,
1132 1896 1246 1945 prope
1267 1904 1308 1933 ut
1327 1897 1484 1945 puderet

199 1949 331 1997 “regii
363 1948 536 1992 nominis,
575 1947 680 1989 mihi,
721 1947 921 1992 Antiocho,
953 1954 990 1983 et
1024 1948 1180 1985 cuilibet
1209 1961 1341 1997 regum
1372 1949 1483 1998 hujus

200 2000 369 2045 ‘⁶aetatis,
408 2000 511 2036 nulla
539 2012 578 2036 re
609 1999 738 2048 magis,
772 1998 885 2047 quam
917 1999 1082 2036 fraterna
1111 2001 1373 2044 unanimitate,
1403 2014 1485 2049 reg-

154 2057 328 2088 35‘ssnum
358 2053 537 2100 aequasse.
594 2051 654 2088 Ne
693 2051 879 2088 Romanis
912 2052 1065 2099 quidem
1094 2053 1276 2100 exemplis
1305 2052 1481 2098 abstinui,

200 2107 320 2152 “quae
340 2111 404 2140 aut
424 2104 499 2140 visa
529 2111 592 2140 aut
625 2103 752 2140 audita
773 2104 956 2139 habebam
975 2117 982 2148 ;
1031 2104 1080 2140 T.
1101 2112 1139 2141 et
1158 2104 1200 2141 L.
1220 2104 1481 2149 Quintiorum,

201 2156 299 2204 “qui
330 2156 466 2192 bellum
494 2168 643 2192 mecum
672 2163 894 2205 gesserunt3
943 2156 983 2192 P.
1017 2163 1054 2192 et
1085 2157 1127 2193 L.
1164 2157 1400 2205 Scipionum,
1419 2157 1481 2205 qui

200 2209 466 2245 “Antiochum
497 2208 743 2252 devicerunt3
790 2209 904 2256 patris
933 2208 1128 2257 patruique
1154 2222 1296 2255 eorum,
1325 2221 1481 2258 quorum

200 2264 452 2309 “perpetuam
491 2260 574 2297 vitae
602 2260 843 2297 concordiam
873 2273 972 2297 mors
999 2274 1145 2309 quoque
1175 2261 1338 2298 miscuit.
1406 2262 1483 2298 Ne-

155 2316 308 2361 ⁴⁰“que
328 2325 391 2348 vos
411 2312 556 2349 illorum
577 2313 712 2359 scelus,
733 2313 938 2361 similisque
968 2313 1102 2350 sceleri
1129 2321 1298 2357 eventus,
1320 2314 1482 2350 deterre-

201 2368 225 2388 “
238 2377 276 2400 re
297 2377 319 2400 a
347 2364 495 2400 vecordi
523 2364 709 2401 discordia
739 2365 883 2413 potuit3
925 2378 1046 2413 neque
1073 2366 1203 2403 horum
1233 2366 1331 2402 bona
1361 2377 1480 2407 mens,

201 2417 336 2453 “bona
357 2416 517 2462 fortuna,
537 2417 583 2452 ad
604 2417 800 2454 sanitatem
823 2417 985 2454 flectere.
1042 2418 1139 2455 Vivo
1157 2425 1194 2455 et
1224 2419 1387 2466 spirante
1408 2429 1481 2461 me,

202 2469 497 2506 “haereditatem
536 2481 658 2505 meam
694 2469 804 2506 ambo
831 2476 869 2506 et
897 2482 961 2518 spe
1003 2477 1041 2507 et
1080 2470 1286 2520 cupiditate
1316 2469 1482 2519 improba
