1638 2765
621 159 758 190 LIBER
781 159 807 189 1.
835 168 915 189 CAP.
934 168 1005 188 xvr.
1411 163 1454 197 17

175 263 213 294 et
230 254 328 305 quod
348 256 427 304 ipsa
445 254 700 303 propinquitas
720 253 806 300 loci,
826 253 856 290 si
886 254 1062 290 Romana
1082 265 1184 288 arma
1202 253 1378 291 omnibus
1397 253 1452 290 in-

176 309 270 345 festa
282 308 450 344 finitimis
464 315 602 350 essent,
616 306 843 349 stimulabat,
862 306 898 341 in
914 305 1009 341 fines
1023 306 1217 342 Romanos
1229 318 1454 342 excucurre-

175 367 272 405 runt,
293 359 547 408 populabundi
568 359 700 407 magis,
716 359 825 406 quam
843 358 933 406 justi
949 370 1051 394 more
1069 358 1166 393 belli.
1225 357 1356 405 Itaque
1377 371 1450 395 non

175 411 308 448 castris
325 412 468 460 positis,
488 424 564 447 non
584 418 800 459 exspectato
829 410 991 446 hostium
1021 410 1203 452 exercitu,
1233 418 1376 458 raptam
1407 424 1453 447 ex

145 464 274 512 5agris
308 464 472 512 praedam
501 471 704 512 portantes,
735 463 849 511 Vejos
881 462 1046 498 rediere:
1079 462 1277 498 Romanus
1306 462 1452 507 contra,

172 522 368 564 postquam
398 516 542 552 hostem
576 516 614 551 in
643 516 742 564 agris
771 528 846 551 non
876 515 1030 556 invenit,
1052 514 1286 551 dimicationi
1312 514 1453 551 ultimae

173 567 378 604 instructus
415 568 668 615 intentusque,
702 567 873 603 Tiberim
913 567 1070 603 transit:
1109 579 1219 614 quem
1258 574 1453 615 postquam

173 626 296 656 castra
323 632 475 668 ponere,
495 627 531 656 et
563 621 608 656 ad
630 620 759 655 urbem
780 631 1021 655 accessurum
1042 619 1223 667 Vejentes
1249 618 1452 665 audivere3

171 671 321 709 obviam
342 672 496 721 egressi,
517 680 558 709 ut
577 671 697 721 potitis
727 672 808 708 acie
833 672 1095 713 decernerent,
1116 671 1227 719 quam
1249 671 1387 707 inclusi
1406 672 1454 709 de

128 735 160 760 10
173 724 283 760 tectis
302 725 563 772 moenibusque
593 724 829 760 dimicarent.
889 724 959 769 Ibi,
979 724 1120 760 viribus
1149 724 1253 760 nulla
1283 732 1360 760 arte
1390 725 1454 760 ad-

169 776 272 825 jutis,
293 776 440 813 tantum
473 777 639 813 veterani
668 777 799 813 robore
831 776 1017 812 exercitus
1037 789 1102 812 rex
1122 776 1321 812 Romanus
1342 776 1452 813 vicit:

172 836 466 876 persecutusque
500 829 600 865 susos
620 829 665 864 ad
688 828 826 864 moenia
845 829 983 876 hostes.
1004 829 1109 874 urbe,
1129 829 1252 864 valida
1273 829 1389 864 muris
1409 841 1454 865 ac

173 880 245 916 situ
265 881 346 929 ipso
364 881 523 926 munita,
544 881 724 917 abstinuit
741 893 748 916 :
779 893 886 929 agros
905 881 1055 916 rediens
1088 888 1219 927 vastat,
1241 881 1452 917 ulciscendi

171 932 304 980 magis,
342 931 455 980 quam
491 933 640 980 praedae,
670 933 804 968 studio.
873 932 1003 979 anue
1032 933 1153 975 clade,
1185 933 1285 968 haud
1327 933 1452 970 minus

128 984 282 1032 mquam
303 984 458 1020 adversa
478 985 618 1032 pugna,
639 984 785 1020 subacti
816 984 997 1032 Vejentes
1028 997 1161 1032 pacem
1188 985 1345 1032 petitum
1373 998 1454 1022 ora-

170 1043 270 1072 tores
289 1036 452 1072 Romam
473 1037 636 1072 mittunt.
695 1036 789 1084 Agri
818 1044 923 1084 parte
953 1036 1119 1072 multatis
1139 1037 1177 1072 in
1207 1045 1363 1073 centum
1389 1050 1453 1074 an-

170 1100 240 1124 nos
271 1088 436 1124 induoiae
464 1088 572 1124 datae.
642 1089 737 1124 Haec
766 1088 896 1130 ferme,
931 1088 1097 1125 Romulo
1126 1096 1321 1137 regnante,
1351 1090 1451 1126 domi

170 1139 387 1188 militiaeque
406 1148 534 1188 gesta:
563 1153 722 1188 quorum
750 1140 841 1176 nihil
870 1141 1056 1182 ,absonum
1077 1140 1163 1176 fidei
1185 1141 1321 1177 divinae
1341 1142 1453 1191 origi-

170 1192 230 1228 nis
248 1192 527 1240 divinitatisque
547 1200 628 1241 post
647 1200 803 1229 mortem
824 1193 978 1229 creditae
999 1193 1095 1237 fuit3
1125 1206 1200 1230 non
1233 1194 1382 1230 animus
1413 1196 1451 1231 in

126 1256 288 1294 20regno
320 1245 417 1281 avito
445 1246 715 1293 recuperando,
750 1258 824 1281 non
859 1246 1068 1281 condendae
1101 1246 1204 1281 urbis
1236 1247 1450 1293 consilium,

170 1309 247 1334 non
266 1296 364 1333 bello
383 1309 428 1334 ac
447 1310 540 1346 pace
570 1297 785 1334 firmandae:
815 1298 861 1333 ab
890 1298 953 1334 illo
981 1298 1082 1334 enim
1112 1298 1282 1346 profectu
1312 1299 1452 1335 viribus

171 1349 268 1385 datis
299 1348 446 1386 tanturn
475 1350 599 1394 valuit,
622 1358 661 1386 ut
680 1350 717 1386 in
738 1350 988 1399 quadraginta
1016 1351 1153 1386 deinde
1183 1363 1302 1387 annos
1329 1358 1450 1388 tutam

169 1413 304 1448 pacem
325 1401 490 1437 haberet.
549 1401 785 1438 Multitudini
805 1409 930 1438 tamen
950 1403 1089 1451 gratior
1110 1403 1190 1449 fuit,
1206 1404 1317 1451 quam
1336 1403 1452 1440 Patri-

171 1452 263 1497 bus3
292 1453 403 1501 longe
432 1460 519 1489 ante
548 1454 640 1490 alios
669 1455 954 1502 acceptissimus
988 1455 1148 1491 militum
1180 1456 1341 1491 animis:
1380 1463 1452 1492 tre-

125 1518 158 1544 25
171 1512 375 1552 centosque
395 1513 556 1542 armatos
575 1506 621 1541 ad
641 1507 852 1542 custodiam
881 1507 1057 1554 corporis,
1078 1520 1170 1555 quos
1203 1507 1358 1544 Celeres
1390 1521 1452 1558 ap-

169 1557 332 1605 pellavit,
352 1569 427 1594 non
447 1557 486 1594 in
507 1558 604 1594 bello
623 1557 754 1602 solum,
775 1559 841 1594 sed
860 1559 973 1595 etiam
994 1559 1031 1595 in
1052 1572 1159 1607 pace,
1179 1560 1321 1597 habuit.

124 1684 158 1704 ·-.·
222 1660 332 1698 XVI.
362 1662 434 1698 His
454 1662 724 1699 immortalibus
752 1664 863 1700 editis
881 1664 1067 1713 operibus,
1088 1677 1201 1712 quum
1231 1665 1278 1701 ad
1307 1666 1452 1702 exerci-

125 1706 150 1755 Ξ
171 1719 248 1749 tum
268 1715 544 1751 recensendum
578 1716 803 1752 concionem
834 1717 871 1752 in
900 1729 1034 1765 campo
1053 1718 1099 1752 ad
1121 1717 1254 1766 Caprae
1273 1718 1450 1766 paludem

131 1767 149 1813 c}
170 1765 337 1812 haberet,
357 1767 479 1803 subito
499 1774 626 1804 coorta
645 1775 847 1816 tempestas
866 1781 952 1804 cum
975 1782 1111 1818 magno
1142 1769 1286 1818 fragore
1308 1771 1451 1807 tonitri-

132 1817 149 1834 ⁴
169 1817 312 1866 busque
331 1825 406 1855 tam
427 1819 545 1856 denso
564 1832 693 1869 regem
713 1821 858 1868 operuit
878 1821 1019 1867 nimbo,
1041 1830 1081 1857 ut
1101 1830 1347 1870 conspectum
1368 1822 1450 1871 ejus

123 1871 148 1912 εξ
169 1871 344 1907 concioni
376 1871 594 1908 abstulerit:
636 1885 709 1909 nec
742 1873 880 1909 deinde
918 1874 955 1909 in
992 1874 1099 1910 terris
1136 1874 1326 1911 Romulus
1368 1875 1448 1912 fuit.

129 1925 148 1973 ιξ
169 1921 346 1959 Romana
364 1924 494 1972 pubes,
516 1925 644 1961 sedato
664 1926 816 1961 tandem
850 1939 997 1974 pavore,
1018 1933 1211 1974 postquam
1233 1940 1279 1963 ex
1299 1927 1450 1964 turbido

122 1975 156 2007 Ξ.
169 1974 229 2011 die
249 1987 383 2012 serena
401 1983 438 2012 et
458 1977 657 2024 tranquilla
671 1977 735 2013 lux
752 1978 875 2024 rediit,
896 1979 959 2014 ubi
979 1991 1135 2014 vacuam
1157 1980 1284 2015 sedem
1305 1980 1449 2029 regiam

168 2026 270 2072 vidit,
300 2028 371 2064 etsi
399 2028 488 2064 satis
524 2030 703 2066 credebat
740 2029 925 2074 Patribus,
963 2031 1024 2079 qui
1063 2031 1221 2079 proximi
1254 2040 1448 2080 steterant,

123 2079 367 2117 aesublimem
385 2088 531 2129 raptum
551 2082 738 2129 procellag
767 2089 907 2126 tamen,
929 2084 1030 2120 velut
1047 2084 1216 2120 orbitatis
1237 2095 1339 2121 metu
1360 2085 1447 2132 icta,

168 2139 341 2168 moestum
363 2133 592 2181 aliquamdiu
618 2134 810 2171 silentium
838 2136 1012 2172 obtinuit.
1070 2136 1234 2180 Deinde,
1265 2150 1287 2173 a
1316 2138 1447 2186 paucis

168 2182 275 2220 initio
306 2184 418 2228 facto,
439 2185 564 2222 Deum
597 2186 680 2223 Deo
712 2194 856 2230 natum,
883 2201 1025 2237 regem,
1045 2196 1315 2238 parentemque
1344 2191 1458 2226 urbis'

168 2233 354 2273 Romanae
373 2238 514 2274 salvere
535 2239 699 2291 universi
716 2240 923 2276 Romulum
940 2241 1096 2289 jubent:
1118 2254 1249 2290 pacem
1269 2243 1446 2291 precibus

168 2297 389 2335 exposcunt,
422 2288 476 2326 uti
505 2291 632 2327 volens
660 2292 842 2340 propitius
870 2306 975 2329 suam
1008 2306 1154 2342 semper
1183 2295 1338 2343 sospitet
1365 2308 1447 2344 pro-

123 2349 157 2375 40
168 2338 332 2387 geniem.
387 2341 521 2379 Fuisse
549 2344 664 2381 credo
683 2351 761 2381 tum
789 2358 936 2393 quoque
957 2346 1110 2394 aliquos,
1131 2347 1193 2394 qui
1214 2347 1444 2396 discerptum

168 2403 295 2440 regem
317 2392 468 2430 Patrum
487 2396 661 2432 manibus
680 2397 783 2433 taciti
805 2406 1027 2447 arguerent:
1056 2399 1221 2436 manavit
1239 2401 1341 2436 enim
1364 2400 1445 2434 haec

167 2456 328 2493 quoque,
366 2446 430 2482 sed
468 2448 708 2496 perobscura,
746 2449 855 2486 fama.
929 2450 1038 2488 Illam
1085 2452 1238 2488 alteram
1285 2451 1429 2487 admira

578 2499 628 2536 2*
