1638 2765
647 172 789 204 LIBER
812 172 838 202 Ι.
863 180 944 202 οΑΡ.
962 181 1028 201 vn.
1450 170 1476 207 9

202 276 385 309 nosceret,
441 268 501 305 Ita
522 268 688 315 undique
707 267 787 316 regi
808 267 916 303 dolus
935 266 1110 303 nectitur.
1167 265 1370 312 Romulus,
1400 276 1476 301 non

201 336 287 360 cum
319 321 430 371 globo
458 320 650 378 Juvenum
674 320 764 377 (nec
793 319 895 355 enim
925 325 1005 355 erat
1032 318 1079 354 ad
1099 318 1172 354 vim
1193 325 1358 365 apertam
1379 317 1476 367 par),

200 375 265 411 sed
285 374 367 410 aliis
387 373 459 409 alio
479 372 613 408 itinere
638 372 752 421 jussis
770 379 874 408 certo
902 378 1070 419 tempore
1100 370 1145 406 ad
1177 369 1319 417 regiam
1350 369 1478 405 venire

199 426 422 475 pastoribus,
443 425 488 461 ad
508 437 635 473 regem
669 424 849 472 impetum
884 423 997 459 facit:
1027 429 1064 458 et
1084 435 1105 458 a
1124 422 1235 458 domo
1267 421 1478 457 Numitoris

170 501 188 526 5
200 478 273 514 alia
292 476 509 526 comparata
527 489 641 513 manu
661 476 811 525 adjuvat
829 475 1003 512 Remus:
1024 475 1075 512 ita
1090 486 1218 524 regem
1238 473 1478 510 obtruncant.

265 582 336 619 VI.
379 581 569 624 Numitor,
596 581 694 618 inter
721 580 882 630 primum
912 580 1114 617 tumultum
1143 580 1269 616 hostes
1299 578 1479 615 invasisse

202 634 332 671 urbem
349 641 459 682 atque
476 634 624 670 adortos
636 633 778 682 regiam
795 633 985 676 dictitans,
1003 645 1118 681 quum
1134 632 1272 681 pubem
1290 631 1480 667 Albanam

172 730 175 732 ,
200 687 238 723 in
272 699 399 723 arcem
431 686 605 735 praesidio
633 686 820 734 armisque
852 685 1097 722 obtinendam
1131 697 1174 720 av
1177 684 1350 728 ocasset3
1384 690 1482 731 post-

200 751 312 787 quam
341 739 511 787 juvenes,
531 739 743 787 perpetrata
773 738 891 780 caede,
911 750 1068 786 pergere
1103 737 1149 773 ad
1179 749 1218 773 se
1248 735 1481 785 gratulantes

159 813 189 837 10
204 791 306 834 vidit,
326 791 512 838 extemplo
532 791 712 826 advocato
731 790 907 836 concilio,
927 790 1098 826 scelera
1090 803 1128 825 1n
1149 802 1188 825 se
1208 788 1344 834 fratris,
1371 787 1482 836 origi-

202 855 290 879 nem
323 850 514 891 nepotum,
535 850 576 878 ut
594 842 725 891 geniti,
746 850 787 878 ut
805 842 970 885 educati,
1004 849 1044 878 ut
1076 841 1218 890 cogniti
1252 847 1390 885 essent,
1411 852 1483 876 cae-

202 895 290 934 dem
310 895 490 943 deinceps
521 895 682 942 tyranni,
703 907 816 941 seque
846 894 928 942 ejus
958 901 1150 930 auctorem
1183 892 1358 929 ostendit.
1415 892 1482 928 Ju-

202 959 330 989 venes,
350 959 415 994 per
434 946 596 982 mediam
617 946 842 981 concionem
863 946 1013 994 agmine
1041 945 1213 994 ingressi,
1234 957 1350 992 quum
1371 957 1480 980 avum

202 1011 330 1047 regem
349 998 586 1043 salutassent,
606 1005 737 1033 secuta
765 1010 813 1033 ex
842 998 944 1034 omni
978 998 1218 1033 multitudine
1239 997 1483 1033 consentiens

160 1072 190 1096 15
204 1063 272 1087 vox
291 1058 413 1087 ratum
433 1063 571 1086 nomen
592 1049 865 1098 imperiumque
898 1050 978 1098 regi
1007 1050 1144 1086 effecit.
1203 1049 1261 1085 Ita
1290 1049 1480 1085 Numitori

203 1103 356 1139 Albana
375 1102 557 1151 permissa
576 1115 629 1148 re,
650 1102 857 1138 Romulum
888 1102 1130 1150 Remumque
1151 1102 1289 1150 cupido
1308 1102 1420 1150 cepit,
1443 1102 1481 1137 in

204 1155 250 1191 iis
268 1155 374 1202 locis,
393 1155 457 1191 ubi
476 1155 648 1203 expositi,
668 1154 806 1202 ubique
827 1155 978 1190 educati
994 1162 1114 1197 erant,
1129 1154 1232 1190 urbis
1248 1154 1457 1190 condendae
1473 1167 1480 1189 :

204 1214 242 1244 et
269 1214 461 1255 supererat
489 1207 689 1243 multitudo
719 1207 953 1243 Albanorum
985 1207 1294 1254 Latinorumque.
1351 1207 1414 1242 Ad
1444 1206 1482 1242 id

204 1267 371 1308 pastores
389 1272 535 1307 quoque
555 1265 805 1303 accesserant,
825 1259 888 1307 qui
907 1272 1038 1295 omnes
1055 1259 1162 1295 facile
1180 1272 1282 1307 spem
1301 1258 1481 1304 facerent,

159 1332 192 1357 20
206 1324 355 1359 parvam
381 1312 532 1357 Albam,
552 1324 707 1360 parvum
737 1311 950 1354 Lavinium,
981 1325 1057 1360 prae
1087 1312 1133 1347 ea.
1156 1312 1261 1353 urbe,
1284 1324 1367 1359 quae
1393 1324 1483 1348 con-

206 1364 370 1410 deretur,
396 1363 485 1400 fore.
542 1363 751 1399 Intervenit
779 1364 917 1399 deinde
938 1364 996 1400 his
1028 1364 1321 1412 cogitationibus
1341 1364 1481 1400 avitum

205 1415 359 1459 malum,
380 1416 486 1464 regni
506 1416 670 1464 cupido3
700 1424 809 1463 atque
830 1416 918 1452 inde
938 1416 1079 1452 foedum
1099 1424 1292 1452 certamen
1312 1423 1481 1452 coortum

205 1480 227 1503 a
245 1468 334 1503 satis
353 1468 433 1503 miti
461 1467 659 1516 princ-ipio.
714 1467 910 1506 Quoniam
930 1468 1073 1516 gemini
1102 1475 1240 1512 essent,
1261 1481 1334 1504 nec
1364 1469 1484 1504 aetatis

204 1520 434 1555 verecundia
465 1519 669 1556 discrimen
704 1520 828 1556 facere
862 1528 998 1568 posset,
1020 1528 1060 1556 ut
1080 1520 1157 1563 Dii,
1178 1533 1334 1568 quorum
1356 1521 1482 1557 tutelae

159 1594 192 1619 25
204 1584 249 1608 ea
267 1572 351 1612 loca
368 1579 505 1617 essent,
526 1572 693 1620 auguriis
711 1572 892 1620 legerent,
909 1572 971 1620 qui
988 1585 1125 1609 nomen
1143 1586 1247 1609 nova>
1265 1573 1345 1609 urbi
1363 1573 1482 1620 daret,

204 1632 267 1672 qur
299 1624 490 1660 conditam
519 1624 675 1672 imperio
707 1632 866 1672 regeret,
890 1625 1074 1661 Palatium
1109 1625 1312 1672 Romulus,
1334 1625 1483 1662 Remus

205 1676 451 1720 Aventinum,
472 1676 519 1713 ad
539 1677 856 1726 inaugurandum,
876 1677 1015 1726 templa
1033 1678 1200 1726 capiunt.

256 1781 348 1818 VII.
377 1781 496 1818 Priori
517 1781 642 1818 Remo
662 1782 862 1830 augurium
882 1782 1028 1819 venisse
1050 1782 1178 1830 fertur,
1197 1795 1262 1819 sex
1292 1783 1457 1820 vultures
1475 1797 1482 1820 :

200 1833 367 1883 J'amque,
387 1834 560 1870 nuntiato
593 1835 762 1883 augurio,
782 1848 898 1882 quum
931 1835 1069 1883 duplex
1102 1848 1282 1872 numerus
1316 1836 1484 1873 Romulo

159 1910 191 1935 30
205 1898 244 1922 se
264 1886 504 1932 ostendisset,
523 1894 722 1934 utrumque
741 1899 869 1935 regem
900 1900 967 1923 sua
995 1884 1196 1924 multitudo
1226 1888 1484 1925 consalutave-

204 1946 283 1975 rat:
322 1945 489 1987 tempore
521 1939 574 1975 illi
606 1947 804 1988 praecepto,
835 1947 872 1975 at
905 1939 942 1975 hi
972 1952 1131 1976 numero
1160 1940 1295 1986 avium,
1323 1953 1483 1989 regnum

204 1990 414 2027 trahebant.
484 1990 593 2034 Inde,
630 2003 717 2027 cum
754 1991 997 2028 altercatione
1034 1993 1241 2041 congressi,
1275 1993 1483 2029 certamine

205 2042 342 2079 irarum
363 2043 409 2078 ad
429 2044 573 2079 caedem
593 2050 787 2080 vertuntur
804 2057 812 2079 z
843 2044 893 2080 ibi
914 2044 950 2080 in
972 2045 1082 2080 turba
1102 2045 1200 2081 ictus
1220 2045 1368 2081 Remus
1383 2046 1484 2082 ceci-

204 2095 270 2131 dit.
327 2095 525 2144 Vulgatior
546 2095 645 2131 fama
663 2103 730 2140 est
750 2096 912 2132 ludibrio
933 2096 1054 2132 fratris
1070 2097 1239 2133 Remum
1255 2110 1370 2134 novos
1386 2105 1484 2134 tran-

158 2173 192 2192 Γ,
206 2146 351 2183 siluisse
371 2160 521 2184 muros:
547 2148 636 2184 inde
666 2148 713 2184 ab
732 2148 826 2185 irato
855 2148 1022 2185 Romulo
1043 2151 1175 2207 (Uquum
1195 2150 1317 2186 verbis
1335 2163 1483 2198 quoque

161 2197 186 2243 Ξ
206 2199 436 2247 increpitans
455 2200 667 2268 adjecisset,
703 2204 724 2220 “
743 2201 808 2237 Sic
829 2201 980 2244 deinde,
1000 2202 1228 2250 quicumque
1262 2202 1357 2238 alius
1385 2210 1484 2238 tran-

179 2255 186 2261 ”
209 2250 340 2287 “siliet
355 2252 495 2288 moenia
510 2253 613 2288 mea’
621 2253 655 2303 ')
674 2252 925 2292 intersectum.
975 2253 1032 2290 Ita
1051 2254 1152 2290 solus
1170 2254 1309 2303 potitus
1325 2254 1483 2303 imperio

170 2295 187 2322 ⁴⁷
208 2301 417 2348 Romulu53
438 2305 590 2341 condita
609 2305 697 2341 urbs
717 2305 922 2341 conditoris
941 2306 1094 2342 nomine
1124 2306 1320 2355 appellata.
1378 2307 1483 2343 Pala-

161 2358 186 2380 ·-2
207 2354 300 2390 tium
321 2354 492 2403 primum,
513 2357 552 2393 in
571 2369 644 2405 quo
664 2357 741 2405 ipse
761 2365 840 2393 erat
860 2358 1057 2401 educatus,
1078 2359 1237 2396 muniit:
1271 2372 1379 2395 sacra
1398 2359 1483 2395 Diis

169 2395 289 2442 ‘t'aliis
323 2406 472 2444 Albano
503 2409 590 2451 ritu,
620 2409 755 2446 Graeco
790 2410 961 2453 Herculi,
982 2418 1023 2446 ut
1042 2411 1089 2446 ab
1108 2411 1285 2448 Evandro
1313 2411 1483 2447 instituta

161 2447 326 2505 gerant,
361 2459 461 2496 facit.
528 2460 732 2498 Herculem
767 2461 804 2498 in
838 2475 883 2498 ea
915 2462 1008 2509 loca,
1039 2463 1137 2512 Ger)
1143 2476 1214 2500 oue
1244 2464 1481 2512 interempto,
