1617 2765
591 159 730 190 LIBER
752 158 862 188 XXX.
901 167 982 189 CAP.
1008 168 1155 190 xxxvur.
1417 162 1495 199 243

215 263 364 302 canera,
383 267 466 318 quae
495 253 682 296 abessent,
717 251 937 288 aestimanda
965 252 1134 300 Scipioni
1155 252 1341 302 permitti3
1385 262 1494 302 atque

216 309 266 345 ita
285 308 447 357 pecunia
478 306 580 342 luere
611 304 958 362 Carthaginienses
1016 305 1125 349 Sunt,
1155 304 1217 352 qui
1239 304 1495 342 Hannibalem

214 373 260 396 ex
279 360 360 396 acie
380 359 427 395 ad
448 370 549 394 mare
569 357 797 405 pervenisse,
818 356 906 393 inde
938 356 1146 404 praeparata
1179 368 1272 392 nave
1293 357 1338 392 ad
1368 370 1496 406 regem

214 411 446 448 Antiochum
466 410 655 458 extemplo
674 408 884 458 profectum
904 409 1075 445 tradant:
1113 408 1388 456 postulantique
1409 418 1495 446 ante

185 463 340 500 somnia
359 462 542 511 Scipioni,
564 470 603 498 ut
625 461 818 498 Hannibal
839 461 909 497 sibi
936 461 1157 504 traderetur,
1191 473 1411 509 responsum
1441 474 1497 498 es-

213 528 266 563 se,
288 514 544 552 Hannibalem
564 514 602 550 in
623 513 757 550 Africa
776 525 850 549 non
872 525 966 549 esse.

268 619 506 656 XXXVIII.
554 618 754 666 Postquam
784 617 977 654 redierunt
1018 618 1063 654 ad
1105 618 1322 667 Scipionem
1352 617 1464 667 legati
1486 631 1496 663 3

212 684 295 720 quae
315 672 524 720 publicam
554 671 713 707 navibus
746 670 904 716 fuerant,
938 683 985 706 ex
1015 670 1176 719 publicis
1195 670 1384 729 descripta
1412 671 1498 707 rati-

212 724 348 761 onibus
367 731 596 772 quaestores;
626 735 707 771 quae
727 722 883 781 privata,
913 722 1076 771 profiteri
1097 723 1240 759 domini
1266 723 1387 772 jussi·
1378 750 1388 767 ‚
1431 736 1498 781 pro

170 787 200 812 10
213 789 260 813 ea
295 788 444 812 summa
470 775 643 824 pecuniae
673 775 804 823 viginti
845 775 1010 823 quinque
1052 775 1170 812 millia
1197 776 1321 824 pondo
1349 775 1496 824 argenti

212 828 413 877 praesentia
447 835 609 865 exacta:
656 827 894 875 induciaeque
926 827 1305 876 Carthaginiensibus
1331 828 1428 864 datae
1458 828 1497 864 in

213 888 288 917 tres
317 893 478 917 menses.
534 879 733 926 Additum,
764 892 811 916 ne
831 892 896 928 per
917 879 1156 916 induciarum
1177 888 1324 929 tempus
1344 879 1417 916 alio
1437 893 1499 916 us-

212 945 339 980 quam,
358 933 470 980 quam
489 932 668 977 Romam,
689 932 881 968 mitterent
909 931 1073 980 legatos:
1116 939 1166 978 et,
1199 933 1426 981 quicumque
1446 932 1498 969 le·

211 984 289 1032 gati
308 984 578 1033 Carthaginem
600 983 804 1029 venissent,
837 996 885 1018 ne
919 983 1006 1019 ante
1028 984 1260 1020 dimitterent
1279 997 1356 1026 eos,
1386 984 1498 1032 quam

169 1047 200 1071 15
214 1036 433 1072 Romanum
469 1036 745 1084 imperatorem,
775 1035 850 1083 qui,
880 1042 918 1071 et
959 1048 1041 1083 quae
1082 1043 1254 1084 petentes
1293 1036 1495 1082 venissent,

212 1088 410 1125 certiorem
430 1087 610 1124 facerent.
658 1087 758 1123 Cum
778 1087 910 1135 legatis
931 1087 1311 1136 Carthaginiensibus
1331 1088 1498 1125 Romam

213 1140 317 1176 missi
338 1140 380 1176 L.
401 1140 582 1176 Veturius
603 1139 723 1185 Philo,
756 1146 794 1175 et
819 1139 875 1175 M.
896 1139 1068 1175 Marcius
1088 1140 1211 1185 Ralla,
1232 1147 1269 1176 et
1289 1140 1331 1176 L.
1353 1140 1496 1188 Scipio,

213 1191 446 1240 imperatoris
466 1191 589 1228 frater.
647 1191 718 1227 Per
738 1204 802 1228 eos
822 1191 902 1227 dies
922 1199 1156 1228 commeatus
1184 1205 1232 1228 ex
1259 1192 1389 1228 Sicilia
1409 1193 1498 1229 Sar-

212 1244 391 1292 diniaque
407 1251 550 1280 tantam
574 1243 754 1280 vilitatem
780 1256 941 1279 annonae
961 1243 1182 1287 effecerunt,
1199 1251 1240 1281 ut
1258 1257 1324 1293 pro
1344 1244 1499 1281 vectura

167 1306 200 1330 20
214 1295 442 1332 frumentum
462 1303 647 1333 mercator
667 1295 792 1332 nautis
812 1295 1052 1343 relinqueret.
1093 1296 1242 1343 Romae,
1256 1297 1302 1332 ad
1322 1297 1496 1333 nuntium

212 1348 374 1396 primum
403 1347 618 1385 rebellionis
657 1348 1043 1397 Carthaginiensium,
1081 1348 1308 1397 trepidatum
1345 1348 1465 1385 fuerat
1485 1361 1496 1393 3

208 1400 408 1448 jussusque
428 1407 507 1436 erat
526 1400 589 1437 Ti.
611 1400 794 1436 Claudius
828 1399 973 1436 mature
994 1400 1033 1436 in
1060 1400 1230 1437 Siciliam
1251 1401 1411 1437 classem
1431 1401 1499 1437 du—

212 1463 311 1496 cere,
351 1458 462 1499 atque
504 1452 593 1488 inde
632 1452 672 1488 in
711 1451 882 1488 Africam
921 1452 1094 1501 trajicere
1115 1465 1123 1497 ;
1169 1460 1208 1489 et
1243 1453 1336 1490 alter
1365 1452 1497 1489 consul

211 1502 266 1540 M.
288 1503 469 1540 Servilius
488 1504 534 1540 ad
554 1504 693 1541 Urbem
724 1504 874 1546 morari,
895 1504 1018 1540 donec
1047 1517 1121 1553 quo
1140 1511 1238 1541 statu
1257 1518 1318 1541 res
1337 1505 1375 1541 in
1396 1504 1498 1541 Afri-

167 1556 260 1592 25οᾶ
287 1562 427 1599 essent,
460 1556 629 1593 sciretur.
686 1555 862 1605 Segniter
880 1555 1009 1592 omnia
1028 1556 1066 1593 in
1097 1557 1354 1606 comparanda
1382 1557 1498 1593 dedu-

212 1607 410 1656 cendaque
428 1608 548 1644 classe
569 1609 615 1645 ab
635 1608 699 1645 Ti.
720 1607 879 1645 Claudio
899 1608 1054 1645 consule
1085 1609 1183 1646 sacta
1202 1616 1330 1654 erant;
1396 1608 1497 1657 quod

212 1659 343 1696 Patres
362 1659 410 1696 de
438 1673 532 1708 pace
553 1660 743 1709 Scipionis
761 1659 886 1708 potitis
906 1660 1102 1697 arbitrium
1122 1673 1218 1704 esse,
1249 1661 1385 1709 quibus
1407 1661 1498 1710 legi-

211 1712 281 1747 bus
301 1712 464 1756 daretur,
495 1711 606 1760 quam
638 1712 814 1757 consulis,
843 1720 1081 1749 censuerant.
1139 1714 1315 1762 Prodigia
1334 1725 1495 1761 quoque,

212 1764 386 1800 nuntiata
404 1765 474 1800 sub
504 1765 622 1813 ipsam
655 1764 792 1800 famam
826 1764 1054 1808 rebellionis,
1075 1772 1253 1802 terrorem
1284 1765 1495 1801 attulerant.

168 1827 199 1852 30
213 1815 347 1852 Cumis
366 1816 455 1853 solis
483 1817 583 1854 orbis
611 1817 731 1853 minui
761 1816 872 1859 visus,
904 1823 939 1853 et
959 1817 1053 1865 pluit
1072 1818 1219 1866 lapideo
1239 1818 1372 1854 imbri:
1402 1824 1440 1854 et
1458 1817 1497 1853 in

214 1868 409 1904 Veliterno
429 1881 518 1917 agro
537 1877 636 1905 terra
665 1868 883 1917 ingentibus
914 1870 1086 1906 cavernis
1116 1870 1303 1918 consedit,
1331 1870 1499 1906 arbores-

211 1932 283 1968 que
302 1920 341 1956 in
361 1921 587 1969 profundum
609 1921 762 1957 haustae.
820 1921 962 1957 Ariciae
979 1921 1112 1965 sorum,
1133 1929 1171 1958 et
1200 1922 1300 1958 circa
1317 1922 1496 1965 tabernae‚

213 1972 426 2009 Frusinone
455 1986 585 2010 murus
617 1973 757 2021 aliquot
775 1972 882 2018 locis,
901 1980 938 2009 et
956 1981 1074 2021 porta,
1104 1975 1151 2010 de
1181 1975 1277 2011 coelo
1296 1981 1418 2011 tacta:
1461 1982 1500 2010 et

213 2024 252 2060 in
284 2024 427 2062 Palatio
459 2025 646 2074 lapidibus
679 2025 782 2074 pluit.
840 2025 885 2061 Id
912 2026 1125 2075 prodigium
1154 2040 1256 2063 more
1285 2027 1404 2075 patrio
1433 2038 1498 2063 no-

168 2089 200 2114 35
213 2076 389 2113 vemdiali
409 2089 529 2124 sacro,
550 2086 686 2114 caetera
706 2077 836 2114 hostiis
862 2078 1064 2126 majoribus
1084 2079 1233 2128 expiata
1250 2092 1258 2114 ε
1299 2079 1396 2115 inter
1415 2091 1498 2127 quae

214 2129 327 2165 etiam
365 2141 545 2176 aquarum
581 2130 731 2166 insolita
767 2130 989 2179 magnitudo
1027 2131 1065 2167 in
1105 2132 1326 2180 religionem
1362 2143 1468 2168 versa
1489 2144 1497 2167 :

214 2193 302 2217 nam
322 2181 373 2217 ita
392 2181 596 2218 abundavit
615 2182 781 2225 Tiberis,
805 2190 844 2218 ut
870 2182 948 2218 ludi
982 2183 1233 2231 Apollinares,
1255 2184 1370 2221 Circo
1389 2183 1499 2220 inun-

214 2233 312 2281 dato,
333 2241 442 2270 extra
461 2241 603 2282 portam
624 2234 811 2270 Collinam
826 2235 871 2271 ad
893 2235 1010 2271 aedem
1026 2235 1201 2284 Erycinae
1217 2236 1380 2273 Veneris
1394 2248 1498 2285 para-

215 2285 242 2322 ti
262 2285 347 2322 sint.
405 2285 593 2322 Caetertim
614 2286 786 2324 ludorum
807 2287 886 2336 ipso
906 2287 981 2330 die,
1015 2288 1138 2325 subita
1170 2289 1371 2325 serenitate
1404 2290 1496 2333 orta,

171 2351 202 2376 40
216 2350 364 2396 pompa,
383 2338 472 2375 duci
492 2345 618 2387 coepta
645 2339 691 2375 ad
710 2346 855 2388 portam
876 2339 1078 2387 Collinam,
1108 2349 1284 2379 revocata
1317 2341 1497 2377 deducta-

215 2403 287 2438 que
308 2391 345 2427 in
367 2390 521 2427 Circum
541 2398 609 2434 est,
638 2404 752 2439 quum
773 2392 981 2429 decessisse
1010 2372 1099 2430 inde
1129 2406 1262 2442 aquarn
1283 2392 1497 2429 nuntiatum

216 2450 339 2479 esset:
369 2442 609 2490 laetitiamque
629 2443 764 2492 populo
792 2451 829 2480 et
857 2444 956 2481 ludis
981 2446 1239 2483 celebritatem
1270 2444 1414 2481 addidit
1443 2455 1498 2480 se-

218 2496 284 2531 des
304 2507 371 2531 sua
390 2495 535 2531 solenni
556 2496 773 2544 spectaculo
793 2497 951 2533 reddita.
