1617 2765
152 180 205 218 92
688 181 780 213 T1T1
803 180 914 212 L1V11

206 275 352 313 XLVI.
382 276 544 315 Concita
563 277 764 314 multitudo
781 284 873 320 erat,
895 282 1161 326 certamenque
1183 276 1321 313 instare
1338 277 1439 314 vide-

153 326 275 366 batur.
332 329 504 366 Lictores
523 330 674 366 Icilium
705 330 1056 366 circumsteterant:
1096 342 1168 365 nec
1201 329 1296 365 ultra
1317 330 1438 367 minas

153 385 281 418 tamen
299 394 518 430 processum
539 390 616 418 est:
645 394 759 429 quum
781 382 942 430 Appius,
980 384 1003 402 “
1021 381 1110 418 Non
1142 382 1354 430 Virginiam
1375 383 1438 419 de·

153 431 296 470 “fendi
334 434 380 470 ab
418 434 538 477 Icilio,
569 434 634 470 sed
665 434 874 481 inquietum
905 434 1108 479 hominem,
1138 442 1176 470 et
1203 435 1436 472 tribunatum

153 484 177 505 “
191 486 304 522 etiam
335 498 439 522 nunc
467 486 688 534 spirantem,
721 486 845 522 locum
875 486 1070 522 seditionis
1099 487 1305 534 quaerere‚’'
1336 487 1437 524 dice·
1465 494 1482 520 5

152 545 234 582 ret3
281 540 304 559 “
319 551 393 574 non
427 538 669 586 praebiturum
691 550 729 574 se
746 538 798 574 illi
818 551 863 575 eo
883 539 944 574 die
965 539 1159 574 materiam
1178 552 1185 574 :
1216 539 1281 574 sed
1303 547 1343 575 ut
1359 539 1436 588 jam

152 590 175 610 “
191 590 316 633 sciret,
338 603 412 626 non
434 590 471 626 id
491 590 707 639 petulantiae
728 603 818 637 suae,
851 591 917 626 sed
949 591 1122 639 Virginio
1141 591 1286 627 absc-nti
1308 598 1345 627 et
1373 604 1437 639 pa-

153 643 261 679 “trio
281 642 423 679 nomini
444 651 481 679 et
500 643 675 685 libertati,
692 643 835 689 datum,
853 643 913 692 jus
935 655 980 679 eo
999 644 1060 679 die
1081 656 1119 680 se
1140 656 1214 679 non
1233 643 1436 691 dicturum,

151 695 176 715 “
191 708 312 743 neque
326 696 521 731 decretum
535 695 862 743 interpositurum3
884 708 905 730 a
919 695 973 731 M.
987 695 1149 731 Claudio
1161 696 1378 744 petiturum,
1396 703 1437 732 ut

151 747 393 784 “decederet
409 748 493 796 jure
513 760 594 790 suo,
617 747 873 794 vindicarique
894 747 1056 794 puellam
1072 748 1106 783 in
1125 755 1313 795 posterum
1335 748 1435 784 diem
1452 755 1482 780 10

151 800 175 820 “
188 807 389 847 pateretur.
436 798 552 838 Quod
571 799 642 835 nisi
658 806 759 847 pater
776 807 923 847 postero
938 799 999 834 die
1013 799 1193 842 affuisset,
1211 800 1436 837 denuntiare

151 852 227 887 “se
248 851 357 887 Icilio
376 851 635 899 similibusque
657 851 767 895 Icilii,
788 863 910 899 neque
931 851 1005 900 legi
1025 864 1102 887 suae
1123 852 1292 893 latorem,
1314 864 1436 900 neque

150 903 403 940 “decemviro
423 904 672 940 constantiam
694 903 822 940 defore
840 916 847 939 z
894 916 966 940 nec
999 916 1039 939 se
1061 904 1186 952 utique
1207 903 1436 953 collegarum

150 956 338 992 “lictores
357 964 651 992 convocaturum
687 956 732 991 ad
759 956 992 992 coercendos
1021 956 1216 992 seditionis
1235 965 1435 1001 auctores;

152 1012 413 1044 “contentum
434 1021 474 1044 se
495 1008 572 1044 suis
592 1008 786 1044 lictoribus
807 1008 924 1044 fore.”
953 1008 1088 1047 Quum
1109 1008 1265 1044 dilatum
1286 1017 1436 1057 tempus
1452 1016 1482 1041 15

150 1060 296 1109 inJ'uriae
316 1068 427 1107 esset,
461 1061 780 1108 secessissentque
814 1061 984 1096 advocati
1014 1060 1161 1108 puellae,
1189 1061 1343 1119 placuit
1357 1074 1436 1098 om-

150 1114 254 1149 nium
277 1113 452 1161 primum,
475 1113 624 1148 fratrem
646 1112 744 1148 Icilii
779 1112 970 1160 filiumque
1001 1113 1219 1155 Numitorii,
1255 1113 1435 1162 impigros

146 1166 317 1215 juvenes,
338 1177 494 1213 pergere
508 1165 595 1201 inde
613 1165 717 1201 recta
733 1165 778 1200 ad
793 1174 950 1223 portam,
970 1172 1007 1201 et
1011 1173 1212 1212 ,quantum
1229 1165 1435 1202 accelerari

149 1225 286 1267 posset,
310 1217 524 1265 Virginium
555 1217 671 1253 acciri
691 1229 712 1253 e
735 1218 888 1253 castris:
937 1217 974 1253 in
1009 1230 1053 1253 eo
1078 1217 1168 1253 verti
1188 1217 1322 1265 puellae
1339 1217 1436 1254 salu-

149 1280 238 1313 tem,
260 1269 289 1305 si
310 1277 458 1317 postero
477 1270 538 1305 die
560 1269 696 1305 vindex
723 1269 868 1327 inJ'uriae
902 1269 948 1305 ad
978 1277 1126 1317 tempus
1156 1277 1290 1317 praesto
1323 1276 1433 1306 esset.
1447 1275 1480 1301 20

149 1322 251 1359 Jussi
271 1329 446 1379 pergunt,
468 1322 664 1369 citatisque
685 1322 791 1369 equis
811 1322 985 1358 nuntium
1003 1322 1048 1357 ad
1066 1329 1209 1370 patrem
1229 1322 1434 1370 perferunt.

147 1374 282 1414 Quum
304 1374 458 1410 instaret
478 1382 637 1410 assertor
668 1374 815 1422 puellae,
847 1381 887 1410 ut
921 1374 1142 1420 vindicaret,
1163 1386 1434 1422 sponsoresque

149 1428 280 1470 daret3
329 1434 438 1475 atque
459 1427 496 1463 id
527 1427 648 1475 ipsum
683 1427 743 1475 agi
773 1426 918 1463 diceret
946 1427 1089 1471 Icilius,
1124 1425 1254 1462 sedulo
1287 1434 1435 1475 tempus

148 1487 285 1523 terens,
307 1479 395 1515 dum
416 1479 665 1527 praeciperent
685 1479 754 1515 iter
783 1479 906 1515 nuntii
939 1479 1043 1515 missi
1075 1479 1111 1514 in
1143 1486 1277 1522 castra,
1299 1491 1434 1515 manus

148 1532 276 1568 tollere
297 1532 463 1579 undique
493 1531 705 1577 multitudo,
738 1538 776 1567 et
805 1544 844 1567 se
873 1531 1029 1578 quisque
1057 1538 1229 1579 paratum
1258 1531 1304 1566 ad
1325 1537 1479 1579 spon-‘2⁵

147 1584 315 1620 dendum
336 1583 445 1620 Icilio
463 1584 674 1620 ostendere.
733 1584 858 1631 Atque
875 1583 935 1619 ille
950 1583 1280 1631 lacrymabundus,
1302 1587 1326 1606 ‘⁶
1340 1584 1435 1620 Gra-

149 1640 173 1660 “
190 1643 267 1673 tum
289 1637 382 1680 est,''
405 1636 546 1684 inquit:
591 1641 615 1659 ‘⁶
632 1636 798 1672 crastina
818 1636 878 1672 die
900 1636 1022 1671 vestra
1041 1648 1155 1683 opera
1175 1643 1282 1671 utar:
1325 1648 1436 1684 spon-

148 1692 172 1712 “
189 1701 313 1725 sorum
336 1701 438 1724 nunc
459 1689 548 1724 satis
564 1695 631 1724 est
637 1688 657 1704 ’¹
716 1687 774 1724 Ita
794 1688 1005 1724 vindicatur
1028 1687 1212 1736 Virginia,
1246 1688 1435 1748 sponden-

147 1741 246 1777 tibus
279 1741 509 1789 propinquis.
576 1740 737 1789 Appius,
767 1740 955 1788 paulisper
986 1748 1161 1784 moratus,
1191 1752 1239 1776 ne
1269 1740 1350 1788 ejus
1378 1741 1432 1776 rei

146 1794 263 1830 causa
296 1793 438 1829 sedisse
472 1793 673 1836 videretur,
708 1800 915 1841 postquam,
945 1792 1093 1829 omissis
1123 1792 1236 1828 rebus
1255 1792 1338 1828 aliis
1358 1805 1432 1841 prae
1446 1797 1478 1823 3⁰

146 1846 238 1882 cura
259 1846 381 1889 unius,
403 1858 515 1882 nemo
535 1846 675 1891 adibat,
705 1845 856 1881 domum
878 1858 917 1881 se
937 1845 1103 1892 recepit3
1143 1844 1402 1893 collegisque
1395 1857 1432 1882 in

145 1905 268 1934 castra
287 1898 430 1943 scribit,
452 1901 476 1920 ‘⁶
491 1910 538 1933 ne
560 1897 733 1945 Virginio
745 1907 997 1933 commeatum
1014 1897 1116 1941 dent,
1134 1903 1243 1944 atque
1263 1897 1377 1933 etiam
1395 1897 1432 1933 in

146 1954 170 1974 ‘⁶
187 1950 357 1986 custodia
379 1949 579 1985 habeant.’'
625 1949 840 1997 Improbum
855 1949 1054 1985 consilium
1069 1961 1207 1991 serum,
1229 1956 1268 1984 ut
1288 1949 1431 1996 debuit,

147 2002 236 2039 suit:
265 2002 408 2050 etjam,
430 2009 643 2038 commeatu
673 2008 832 2048 sumpt0,
859 2000 1050 2048 profectus
1084 2000 1280 2049 Virginius
1312 2002 1432 2049 prima

146 2055 273 2103 vigilia
303 2062 394 2096 erat,
425 2066 539 2102 quum
570 2061 717 2102 postero
746 2053 807 2089 die
827 2065 951 2096 mane,
981 2053 1028 2089 de
1057 2052 1256 2089 retinendo
1280 2065 1338 2097 eo,
1369 2066 1432 2091 ne·
1445 2058 1477 2084 35

144 2107 349 2155 quidquam
369 2106 486 2143 literae
506 2106 726 2143 redduntur.

197 2210 369 2247 XLVII.
400 2212 453 2248 At
474 2211 510 2248 in
532 2211 648 2257 Urbe,
668 2211 789 2260 prima
805 2210 903 2255 luce,
924 2223 1039 2258 quum
1060 2210 1191 2247 civitas
1211 2210 1248 2246 in
1271 2210 1349 2247 soro
1368 2223 1432 2247 ex-

145 2264 378 2312 spectatione
398 2271 526 2300 erecta
558 2271 685 2305 staret,
716 2263 912 2311 Virginius
942 2263 1154 2299 sordidatus
1188 2263 1301 2299 filiam
1323 2275 1430 2299 suam

143 2315 309 2351 obsoleta
330 2323 445 2362 veste,
466 2316 734 2352 comitantibus
767 2316 905 2363 aliquot
939 2315 1130 2357 matronis,
1165 2327 1252 2351 cum
1285 2315 1430 2363 ingenti

144 2367 389 2403 advocatione
424 2368 461 2403 in
493 2368 609 2404 forum
641 2368 806 2404 deducit.
866 2368 1076 2403 Circumire
1105 2367 1157 2404 ibi
1186 2375 1224 2404 et
1251 2379 1429 2416 prensare
1444 2373 1476 2398 ⁴¹0

145 2420 317 2456 homines
336 2420 469 2468 coepit:
493 2428 530 2456 et
549 2433 623 2455 non
644 2432 749 2456 orare
770 2419 889 2456 solum
910 2420 1117 2467 precariam
1137 2432 1260 2468 opem,
1277 2420 1341 2456 sed
1364 2431 1430 2467 pro

144 2471 272 2508 debita
291 2480 439 2520 petere:
484 2476 508 2495 “
526 2473 575 2508 Se
594 2485 661 2520 pro
691 2472 818 2508 liberis
850 2485 979 2508 eorum
1000 2485 1044 2508 ac
1064 2472 1290 2522 conjugibus
1308 2473 1429 2520 quoti-
