1617 2765
662 177 799 208 LIBER
822 178 848 208 1.
876 187 956 209 CAP.
974 188 1007 208 ι..
1415 182 1468 220 47

189 283 314 320 agere,
334 272 441 309 bonis
460 272 618 308 multare
650 278 806 320 poterat,
841 285 916 308 non
950 279 1144 320 suspectos
1163 272 1273 309 modo
1293 281 1356 310 aut
1376 274 1468 312 invi-

187 335 259 369 SOS,
288 325 353 360 sed
383 324 482 360 unde
516 324 608 360 nihil
638 324 752 370 aliud,
782 325 893 372 quam
928 325 1106 372 praedam,
1143 337 1291 372 sperare
1330 335 1464 373 posset.

187 373 246 410 Ita
278 375 430 412 Patrum
459 376 650 424 praecipue
680 389 838 412 numero
872 376 1082 422 imminuto,
1120 376 1248 412 statuit
1276 377 1398 413 nullos
1426 379 1465 415 in

186 425 315 462 Patres
349 427 499 476 legere3
542 427 616 476 quo
647 428 895 476 contemptior
924 428 1114 476 paucitate
1135 428 1214 475 ipsa
1233 428 1324 464 ordo
1352 438 1463 473 esset,

155 477 384 526 5minusque
404 492 468 528 per
488 492 527 516 se
546 480 640 516 nihil
661 481 721 528 agi
749 480 1047 528 indignarentur.
1104 479 1181 516 Hic
1201 480 1302 515 enirn
1332 493 1463 528 regum

182 529 326 577 primus
355 532 532 568 traditum
569 544 591 568 a
626 532 812 580 prioribus
840 544 982 568 morem
1011 532 1057 567 de
1086 532 1263 568 omnibus
1292 540 1463 569 senatum

183 582 404 619 consulendi
425 584 556 620 solvit:
586 584 802 620 domesticis
828 583 996 620 consiliis
1015 584 1286 631 rempublicam
1307 584 1466 620 admini-

181 634 334 670 stravit:
364 635 517 678 bellum,
538 648 684 684 pacem,
707 636 860 682 foedera,
880 635 1080 672 societates
1108 648 1174 683 per
1202 648 1242 671 se
1263 636 1354 683 ipse,
1375 648 1463 673 cum

180 685 314 732 quibus
348 687 474 734 voluit,
508 687 653 736 injussu
681 688 807 736 populi
837 700 882 724 ac
902 688 1066 733 senatfis,
1095 687 1196 730 fecit,
1227 687 1462 735 diremitque.

138 743 167 769 ἑο
181 735 402 775 Latinorum
433 739 504 776 sibi
536 739 703 776 maxime
733 746 883 788 gentem
914 739 1155 781 conciliabat,
1185 748 1226 776 ut
1254 741 1463 788 peregrinis

179 801 324 837 quoque
353 791 487 839 opibus
519 792 631 828 tutior
670 792 766 827 inter
804 792 906 827 cives
943 798 1053 827 esset.
1136 791 1272 839 Neque
1302 792 1463 839 hospitia

179 841 290 877 modo
311 854 396 879 cum
417 844 642 891 primoribus
661 856 804 889 eorum,
833 844 899 879 sed
932 843 1131 879 affinitates
1151 856 1311 891 quoque,
1328 843 1463 892 junge-

179 892 254 929 bat.
310 893 470 931 Octavio
490 895 663 931 Mamilio
682 895 904 932 Tusculano
935 894 984 944 (is
1012 894 1122 943 longe
1143 896 1318 943 princeps
1334 895 1461 932 Latini

178 945 342 981 nominis
361 954 452 989 erat,
487 947 517 983 si
550 947 658 982 famae
691 947 894 992 credimus,
928 947 974 982 ab
1004 946 1137 994 Ulysse
1158 947 1314 994 Deaque
1345 947 1459 983 Circe

134 1003 166 1028 15
177 996 392 1048 oriundus),
412 998 447 1034 ei
468 998 640 1035 Mamilio
659 998 773 1035 filiam
806 1006 965 1046 nuptum
998 999 1084 1042 dat3
1123 1011 1262 1046 perque
1282 1010 1346 1034 eas
1365 1011 1461 1048 nup-

176 1047 247 1084 tias
266 1049 402 1086 multos
421 1050 492 1087 sibi
512 1057 693 1099 cognatos
711 1050 926 1098 amicosque
946 1050 1027 1099 ejus
1042 1050 1233 1087 conciliat.

229 1151 272 1188 L.
301 1152 388 1190 Jam
409 1167 546 1204 magna
565 1154 765 1204 Tarquinii
795 1155 995 1192 auctoritas
1015 1155 1110 1192 inter
1132 1155 1353 1192 Latinorum
1376 1168 1460 1204 pro-

175 1215 282 1241 ceres
300 1215 406 1251 erat;
434 1220 563 1256 quum,
585 1207 623 1244 in
643 1208 743 1244 diem
764 1215 909 1244 certum
939 1214 979 1243 ut
1007 1208 1052 1243 ad
1081 1207 1210 1243 lucum
1239 1207 1458 1244 Ferentiuae

175 1258 414 1306 conveniant,
434 1260 589 1296 indicit:
624 1272 720 1303 esse,
740 1272 822 1307 quae
843 1272 953 1308 agere
974 1260 1020 1295 de
1049 1260 1161 1296 rebus
1190 1260 1458 1296 communibus

130 1317 163 1342 20
177 1308 273 1345 velit.
330 1310 573 1348 Conveniunt
592 1312 804 1360 frequentes
833 1312 951 1360 prima
970 1311 1055 1348 luce
1074 1324 1082 1348 ε
1122 1312 1200 1360 ipse
1221 1311 1456 1359 Tarquinius

175 1359 275 1397 diem
304 1363 455 1410 quidem
475 1364 655 1408 servavit3
695 1364 761 1399 sed
790 1363 902 1412 paulo
923 1363 1022 1406 ante,
1043 1364 1154 1411 quam
1175 1363 1227 1400 sol
1247 1364 1455 1407 occideret,

174 1413 287 1449 venit.
343 1413 465 1451 Multa
486 1415 536 1452 ibi
556 1416 634 1452 tota
653 1416 714 1452 die
734 1416 772 1451 in
792 1415 956 1452 concilio
983 1416 1092 1452 variis
1118 1416 1259 1464 jactata
1290 1428 1458 1452 sermon-

173 1462 258 1501 ibus
277 1473 394 1503 erant.
451 1467 608 1503 Turnus
641 1468 860 1504 Herdonius
893 1467 939 1503 ab
968 1467 1102 1503 Aricia
1129 1467 1303 1504 ferociter
1323 1468 1361 1503 in
1392 1467 1457 1503 ab·

173 1524 318 1554 sentem
349 1518 603 1567 Tarquinium
631 1526 710 1555 erat
738 1519 937 1563 invectus3
993 1519 1150 1555 “Haud
1188 1520 1325 1555 mirum
1359 1532 1456 1566 esse,

127 1568 196 1601 25“
214 1569 385 1618 Superbo
413 1571 574 1607 inditum
614 1571 749 1608 Romae
788 1571 1040 1620 cognomen.''
1125 1570 1230 1621 (Jam
1272 1571 1375 1607 enim
1405 1571 1457 1608 ita

174 1619 270 1657 clam
291 1622 442 1670 quidem
471 1623 726 1670 mussitantes,
756 1623 866 1672 vulgo
895 1631 1034 1669 tamen,
1064 1636 1151 1659 eum
1181 1623 1453 1674 appellabant.)

173 1673 197 1693 ‘⁴
216 1676 278 1709 An
306 1674 509 1723 qui'dquam
538 1676 735 1724 superbius
763 1688 858 1722 esse,
901 1675 1014 1723 quam
1043 1676 1229 1712 ludificari
1258 1676 1314 1711 sic
1343 1688 1456 1712 omne

174 1727 352 1762 “nomen
372 1726 579 1763 Latinum?
609 1728 844 1776 principibus
876 1727 987 1776 longe
1017 1728 1064 1763 ab
1094 1728 1204 1764 domo
1224 1727 1373 1773 excitis,
1403 1727 1457 1776 ip-

173 1776 198 1798 “
213 1790 310 1821 sum,
326 1778 389 1827 qui
408 1779 611 1816 concilium
633 1780 822 1826 indixerit,
842 1792 917 1815 non
938 1779 1070 1815 adesse
1088 1781 1101 1815 T
1132 1780 1267 1815 tentari
1287 1778 1456 1828 profecto

128 1829 197 1862 30“
212 1831 445 1878 patientiam,
479 1838 532 1875 ut,
575 1831 606 1867 si
640 1831 774 1880 jugum
817 1832 1047 1879 acceperint,
1088 1831 1270 1868 obnoxios
1299 1838 1454 1880 premat.

171 1881 286 1919 “Cui
305 1883 407 1919 enim
437 1896 512 1920 non
544 1895 736 1931 apparere,
771 1883 948 1919 affectare
968 1896 1055 1919 eum
1086 1883 1283 1931 imperium
1313 1884 1351 1919 in
1383 1883 1456 1919 La-

171 1933 196 1956 “
211 1935 341 1972 tinos'!
370 1934 487 1981 Quod
507 1935 537 1972 si
554 1935 612 1971 sui
632 1935 729 1971 bene
749 1935 980 1972 crediderint
999 1936 1113 1978 cives,
1135 1942 1199 1971 aut
1218 1935 1248 1971 si
1269 1935 1455 1972 creditum

171 1986 196 2009 “
213 1987 317 2031 illud,
351 1994 389 2023 et
417 2000 492 2024 non
521 1994 668 2036 raptum
696 1987 910 2035 parricidio,
949 1987 1008 2031 sit,
1041 1988 1196 2024 credere
1224 1994 1261 2024 et
1299 1987 1455 2024 Latinos

171 2039 197 2062 “
216 2039 460 2088 (quamquam
480 2052 528 2076 ne
549 2040 603 2076 sic
622 2040 774 2088 quidem
795 2039 1037 2089 alienigenae)
1060 2040 1211 2076 debere.
1269 2040 1336 2075 Sin
1368 2052 1457 2075 suos

127 2092 197 2121 ³5“
213 2092 294 2141 ejus
314 2091 495 2140 poeniteat
525 2092 679 2140 (quippe
698 2092 758 2139 qui
777 2091 838 2127 alii
869 2104 979 2139 super
1007 2092 1098 2128 alios
1123 2091 1371 2136 trucidentur,
1392 2104 1456 2127 ex-

172 2144 372 2180 “sulatum
393 2151 494 2187 eant,
525 2144 623 2180 bona
651 2145 857 2193 amittant),
887 2144 977 2191 quid
1007 2144 1085 2192 spei
1115 2143 1279 2180 melioris
1308 2143 1456 2180 Latinis

173 2196 198 2217 “
214 2195 414 2243 portendi?
487 2196 530 2232 Si
559 2208 599 2232 se
628 2196 796 2239 audiant,
826 2196 979 2231 domum
1009 2208 1114 2232 suam
1143 2208 1328 2244 quemque
1365 2195 1455 2232 inde

173 2248 198 2269 “
215 2247 399 2283 abituros:
442 2261 564 2296 neque
584 2248 704 2296 magis
735 2248 997 2284 observaturos
1016 2248 1117 2284 diem
1146 2248 1312 2294 concilii,
1341 2247 1454 2296 quam

173 2301 198 2322 “
217 2299 308 2347 ipse,
337 2298 400 2346 qui
429 2300 620 2343 indixerit,
649 2300 860 2336 observet.'’
944 2300 1040 2336 IIaec
1078 2307 1188 2348 atque
1217 2300 1290 2336 alia
1317 2299 1454 2336 eodem

129 2350 402 2400 wpertinentia
429 2351 627 2395 seditiosus
655 2352 960 2400 facinorosusque
990 2352 1113 2395 homo,
1152 2352 1283 2400 hisque
1313 2351 1454 2387 artibus

174 2416 264 2452 opes·
284 2402 383 2438 domi
404 2411 548 2448 nactus,
569 2416 683 2451 quum
704 2405 868 2441 maxime
899 2405 1111 2447 dissereret,
1139 2404 1340 2440 intervenit
1360 2403 1454 2438 Tar-

175 2455 338 2505 quinius.
395 2455 433 2491 Is
453 2454 537 2491 finis
555 2455 712 2493 orationi
735 2456 813 2493 suit.
870 2456 1005 2492 Aversi
1024 2469 1156 2493 omnes
1176 2457 1221 2492 ad
1250 2454 1454 2491 Tarouini-
