1617 2765
610 163 748 194 LIBER
771 163 866 194 XXI.
912 173 994 196 cAP.
1012 174 1059 196 ιν.
1402 166 1477 204 167

191 257 368 309 ancipitis
387 257 585 296 sementim
605 258 643 294 in
665 271 704 294 se
724 271 857 295 omnes
890 258 1149 301 convertisset,
1179 261 1203 281 ‘⁶
1221 259 1372 297 Florem
1390 268 1477 298 aeta-

190 312 315 359 “tis‚”
337 311 469 360 inquit,
490 313 515 332 ‘⁶
533 310 763 354 Hasdrubal,
783 323 896 358 quem
917 311 996 360 ipse
1028 311 1122 360 patri
1155 311 1383 349 Hannibalis
1404 314 1478 351 fru-

190 363 368 401 “endum
389 363 561 412 praebuit,
578 363 679 412 Justo
694 363 778 412 jure
799 376 887 400 eum
908 376 930 400 a
959 363 1036 400 filio
1068 364 1186 411 repeti
1216 372 1369 401 censet:
1408 379 1478 404 nos

190 416 354 453 “tamen
375 415 529 452 minime
550 416 674 462 decet,
691 416 928 464 juventutem
962 423 1126 452 nostram
1162 430 1227 465 pro
1247 417 1397 454 militari
1418 432 1478 455 ru-

160 469 213 501 5“
227 469 395 505 dimento
414 467 652 504 assuefacere
673 468 821 504 libidini
842 476 1056 517 praetorum.
1114 470 1175 505 An
1199 469 1270 506 hoc
1287 469 1476 516 timemus,

188 523 212 542 ‘⁶
225 534 273 557 ne
294 520 524 557 Hamilcaris
543 520 643 556 filius
662 520 775 556 nimis
795 519 877 556 sero
910 521 1068 570 imperia
1094 521 1298 558 immodica
1317 530 1354 558 et
1371 524 1477 571 regni

188 573 371 622 “paterni
391 573 556 622 speeiem
578 572 730 609 videat?
772 581 820 619 et,
841 573 951 622 cujus
970 575 1069 622 regis
1089 587 1230 623 genero
1251 575 1478 611 haereditarii

187 627 300 663 “sint
319 625 439 662 relicti
460 625 650 662 exercitus
669 632 800 669 nostri,
822 625 903 674 ejus
930 626 1005 662 filio
1024 639 1157 674 parurn
1179 628 1322 663 mature
1343 627 1480 663 servia-

186 680 211 701 “
225 679 338 715 mus?
394 677 490 727 Ego,
511 677 623 714 istum
640 678 819 726 juvenem
839 678 940 715 domi
970 679 1193 722 tenendum,
1228 680 1299 715 sub
1318 679 1478 729 legibus,

142 736 172 761 10
186 733 212 754 “
225 731 295 768 sub
316 730 596 779 magistratibus
617 730 832 766 docendum
863 731 987 767 vivere
1018 744 1124 779 aequo
1150 731 1234 780 jure
1261 744 1349 768 cum
1370 740 1482 768 caete·

186 786 210 806 ‘4
224 785 288 830 ris,
309 795 470 820 censeo:
509 796 558 819 ne
577 783 802 832 quandoque
822 796 958 832 parvus
978 784 1040 820 hic
1062 784 1161 833 ignis
1181 784 1403 821 incendium
1424 785 1480 821 in-

186 838 210 859 <a
225 849 321 886 gens
340 835 586 874 exsuscitet.''

239 941 310 978 IV.
340 942 473 988 Pauci,
493 955 538 979 ac
559 942 676 978 ferme
696 942 860 990 optimus
888 943 1058 991 quisque,
1088 943 1270 980 Hannoni
1301 943 1481 980 assentie-

185 995 348 1031 bantur·
378 994 444 1030 sed
467 992 525 1043 (ut
545 994 765 1042 plerumque
796 994 854 1044 fit)
890 995 1008 1053 major
1042 1008 1128 1044 pars
1161 996 1356 1032 meliorem
1376 995 1479 1032 vicit.

140 1053 172 1079 15
186 1046 328 1085 Missus
362 1046 587 1085 Hannibal
578 1059 617 1082 ιη
649 1046 874 1095 Hispaniam
904 1048 1026 1095 primo
1058 1048 1183 1084 statim
1218 1048 1383 1084 adventu
1403 1061 1482 1085 om-

185 1112 273 1137 nem
294 1099 505 1136 exercitum
525 1098 564 1135 in
585 1111 624 1135 se
645 1099 842 1136 convertit
901 1100 1162 1137 Hamilcarem
1188 1100 1368 1150 juvenem
1397 1101 1481 1137 red-

185 1153 306 1190 ditum
325 1151 397 1188 sibi
417 1159 561 1188 veteres
580 1151 718 1188 milites
738 1152 916 1196 credere;
957 1153 1134 1189 eumdem
1155 1153 1321 1202 vigorem
1342 1153 1381 1189 in
1400 1153 1480 1190 vul-2

184 1212 238 1248 tu,
258 1205 409 1253 vimque
441 1204 480 1240 in
499 1203 634 1247 oculis,
662 1204 832 1241 habitum
852 1205 938 1251 oris,
975 1205 1281 1253 lineamentaque
1312 1205 1451 1250 intueri
1470 1219 1478 1242 ε

185 1257 274 1294 dein
295 1257 397 1293 brevi
416 1256 556 1300 effecit,
591 1263 631 1292 ut
663 1263 769 1305 pater
804 1257 842 1293 in
876 1270 916 1294 se
950 1258 1150 1294 minimum
1178 1265 1411 1295 momentum
1432 1259 1479 1295 ad

137 1315 171 1340 20
186 1310 349 1347 savorem
370 1309 654 1346 conciliandum
676 1316 786 1345 esset.
844 1309 1052 1358 Nunquam
1087 1310 1285 1360 ingenium
1308 1311 1408 1347 idem
1431 1311 1477 1348 ad

184 1375 244 1399 res
277 1362 563 1405 diversissimas,
601 1362 811 1410 parendum
850 1369 961 1411 atque
999 1363 1276 1412 imperandum,
1316 1363 1480 1400 habilius

184 1415 279 1459 fuit3
310 1415 435 1462 itaque
456 1414 556 1451 haud
578 1412 688 1450 facile
710 1414 951 1462 decerneres,
973 1414 1097 1452 utrum
1114 1416 1343 1464 imperatori,
1358 1429 1404 1452 an
1419 1429 1481 1453 ex-

182 1467 332 1510 ercitui,
366 1466 487 1503 carior
517 1474 642 1503 esset:
690 1479 814 1514 neque
854 1467 1069 1504 Hasdrubal
1108 1468 1220 1504 alium
1251 1481 1478 1516 quemquam

182 1519 375 1569 praeficere
396 1518 520 1562 malle,
543 1519 607 1555 ubi
627 1518 715 1566 quid
738 1519 880 1556 fortiter
901 1533 945 1556 ac
966 1521 1118 1557 strenue
1140 1520 1331 1569 agendum
1353 1528 1478 1565 esset3

137 1577 306 1620 25neque
325 1571 464 1608 milites
483 1571 556 1609 alio
576 1571 674 1607 duce
710 1571 794 1619 plus
815 1572 1019 1620 confidere,
1053 1580 1117 1609 aut
1150 1573 1302 1609 audere.
1359 1572 1481 1610 Pluri-

184 1637 289 1661 mum
309 1623 478 1660 audaciae
499 1624 546 1660 ad
566 1623 735 1672 pericula
754 1625 1002 1672 capessenda,
1030 1625 1231 1674 plurimum
1254 1625 1402 1662 consilii
1424 1626 1480 1662 in-

185 1686 240 1713 ter
260 1676 341 1725 ipsa
359 1675 528 1725 pericula
547 1683 648 1712 erat:
679 1676 783 1712 nullo
803 1677 929 1713 labore
963 1685 1028 1714 aut
1057 1691 1194 1726 corpus
1226 1678 1388 1727 fatigari,
1411 1686 1476 1715 aut

185 1729 335 1766 animus
373 1728 474 1764 vinci
507 1735 664 1776 poterat.
738 1728 887 1765 Caloris
921 1742 966 1765 ae
996 1730 1144 1778 frigoris
1172 1730 1356 1778 patientia
1386 1743 1477 1779 par:

185 1781 261 1818 cibi
281 1780 517 1830 potionisque
531 1780 718 1817 desiderio
740 1781 913 1826 naturali,
934 1794 1010 1818 non
1028 1782 1230 1830 voluptate,
1250 1783 1385 1819 modus
1398 1782 1481 1820 fini-

138 1839 171 1864 :30
185 1841 267 1870 tus:
289 1833 501 1882 vigiliarum
517 1833 714 1881 somnique
729 1846 801 1869 nec
814 1834 875 1869 die
892 1847 964 1870 nec
982 1842 1093 1871 nocte
1109 1835 1370 1871 discriminata
1385 1843 1480 1872 tem-

184 1899 285 1935 pora.
316 1885 374 1929 Id,
389 1885 486 1934 quod
501 1885 679 1934 gerendis
692 1886 803 1921 rebus
816 1894 1041 1934 superesset,
1055 1887 1170 1935 quieti
1187 1887 1337 1924 datum:
1357 1900 1401 1924 ea
1415 1901 1480 1925 ne-

184 1951 256 1987 que
271 1938 371 1975 molli
388 1945 515 1981 strato,
537 1950 659 1985 neque
673 1937 823 1974 silentio
840 1939 1030 1975 arcessita.
1079 1939 1306 1989 Multisaepe
1328 1940 1478 1978 militari

184 1991 316 2056 sagulo
334 1997 519 2039 opertum,
542 1990 647 2026 humi
678 1990 869 2039 jacentem
891 1991 988 2027 inter
1008 1993 1201 2029 custodias
1221 1992 1479 2042 stationesque

185 2044 359 2089 militum,
380 2050 671 2091 conspexerunt.
730 2043 899 2080 Vestitus
920 2044 1012 2080 nihil
1034 2044 1131 2081 inter
1160 2045 1322 2093 aequales
1355 2046 1481 2082 excel-

139 2096 289 2133 ³51ens:
308 2101 423 2132 'arma
435 2102 545 2144 atque
558 2107 643 2143 equ1
657 2095 1003 2143 conspiciebantur
1035 2097 1217 2145 Equitum
1233 2098 1480 2147 peditumque

186 2148 288 2185 idem
304 2147 417 2197 longe
438 2149 581 2196 primus
600 2156 705 2184 erat:
734 2148 912 2197 princeps
934 2148 971 2185 in
993 2150 1166 2208 proelium
1187 2150 1290 2187 ibat:
1325 2150 1480 2188 ultimus

186 2207 362 2237 conserto
380 2200 511 2249 proelio
530 2200 754 2237 excedebat.
813 2201 896 2238 Has
916 2209 1039 2238 tantas
1060 2202 1126 2239 viri
1158 2202 1314 2239 virtutes
1347 2203 1480 2252 ingen-

187 2253 240 2290 tia
278 2252 365 2289 vitia
407 2252 606 2300 aequabant
626 2266 635 2298 ;
681 2252 890 2290 inhumana
936 2255 1151 2301 erudelitas,
1194 2255 1353 2304 perfidia
1397 2256 1478 2304 plus

187 2305 300 2354 quam
321 2304 481 2348 Punica,
503 2305 595 2341 nihil
615 2305 707 2353 veri,
741 2306 835 2342 nihil
866 2308 999 2354 saneti,
1032 2307 1160 2344 nullus
1194 2308 1316 2358 Deum
1339 2316 1476 2351 metus,

141 2369 174 2394 40
189 2358 336 2395 nullum
361 2357 640 2406 Jusjurandum‚
670 2358 774 2395 nulla
801 2359 944 2409 religio.
1019 2360 1117 2396 Cum
1149 2361 1220 2397 hac
1250 2361 1377 2397 indole
1407 2361 1478 2396 vir-

187 2418 309 2448 tutum
332 2416 443 2457 atque
473 2410 646 2448 vitiorum
683 2411 847 2450 triennio
880 2413 950 2449 sub
983 2413 1223 2450 Hasdrubale
1253 2413 1476 2461 imperatore

189 2462 340 2505 meruit,
361 2462 465 2498 nulla
485 2474 538 2506 re,
558 2475 640 2510 quae
660 2463 808 2513 agenda
828 2466 1064 2514 videndaque
1085 2478 1222 2515 magno
1245 2466 1368 2502 futuro
1387 2464 1476 2501 duei

189 2522 301 2559 esset,
323 2515 585 2561 praetermissa.
