1617 2765
122 151 196 188 162
429 149 521 181 T1T1
544 150 657 181 LIVII
682 149 818 181 LIBER
842 149 901 180 IX.
937 159 1017 181 CAP.
1034 159 1102 181 xix.

118 256 361 282 communem
380 244 525 282 hostem
546 245 640 281 duas
661 244 938 294 potentissimas
958 245 1070 282 armis
1098 245 1258 293 virisque
1285 241 1397 280 urbes

118 304 291 341 armaret,
330 297 441 334 simul
480 296 625 334 Punico
668 297 917 345 Romanoque
958 298 1114 334 obrutus
1153 298 1248 334 bello
1285 302 1396 335 esset.

117 349 206 386 Non
225 349 376 398 quidem
398 349 617 386 Alexandro
637 350 748 393 duce,
779 362 851 385 nec
881 349 1037 398 integris
1067 349 1323 387 Macedonum
1343 362 1399 386 re-

118 402 197 448 bus,
218 402 285 438 sed
313 402 456 450 experti
486 409 610 438 tamen
655 409 743 438 sunt
770 401 936 438 Romani
967 401 1219 438 Macedonem
1252 403 1398 438 hostem

116 455 294 491 adversus
336 454 585 497 Antiochum,
616 454 843 502 Philippum,
873 453 1028 496 Persen,
1065 466 1141 490 non
1171 453 1281 491 modo
1310 466 1398 490 cum
1426 461 1443 487 5

115 507 223 543 clade
243 506 332 552 ulla,
362 506 428 542 sed
448 518 497 542 ne
517 518 604 542 cum
624 506 791 554 periculo
817 506 969 554 quidem
990 518 1068 542 suo.
1128 507 1238 543 Absit
1258 506 1400 543 invidia

116 559 239 604 verbo,
273 566 311 595 et
339 558 465 595 civilia
494 558 591 594 bella
619 558 780 595 sileant:
826 571 1019 606 nunquam
1049 558 1096 594 ab
1124 559 1248 606 equite
1278 559 1397 602 hoste,

115 624 309 660 nunquam
329 624 350 647 a
369 611 507 659 pedite,
534 623 728 659 nunquam
758 612 884 659 aperta
917 611 1013 657 acie,
1046 623 1239 659 nunquam
1270 611 1406 659 aequis,-

115 664 242 712 utique
263 675 457 711 nunquam
477 662 625 708 nostris,
645 662 739 699 locis
757 662 1019 700 laboravimus.
1076 663 1266 711 Equitem,
1288 663 1400 712 sagit-

113 723 182 762 tas,
217 715 333 752 saltus
366 715 578 764 impeditos,
607 714 691 750 avia
709 715 982 751 commeatibus
1010 715 1104 761 loca,
1134 716 1257 764 gravis
1286 715 1399 752 armis
1415 721 1445 747 10

114 768 223 804 miles
241 767 373 804 timere
401 774 547 815 potest:
588 766 689 803 mille
719 766 835 813 acies,
863 768 1052 815 graviores
1080 768 1190 815 quam
1221 767 1402 804 Macedo-

115 832 206 856 num
227 826 337 868 atque
357 818 580 862 Alexandri,
602 818 757 864 avertit3
787 826 1015 867 avertetque,
1035 818 1146 856 modo
1166 819 1214 856 sit
1227 826 1402 868 perpetu·

115 884 160 908 us
179 871 301 922 hujus,
321 871 396 921 qua
416 871 586 916 vivimus,
602 871 708 921 pacis
727 884 832 909 amor
851 878 890 908 et
909 871 1030 908 civilis
1057 884 1149 908 cura
1173 871 1400 909 concordiae.

533 1017 703 1043 EPITOME
721 1017 824 1043 LIBRI
842 1017 985 1043 DECIMI.

149 1062 296 1087 Conexum
308 1062 430 1087 deductae
442 1065 504 1086 sunt
516 1062 594 1093 Sora,
611 1065 639 1086 et
657 1062 738 1094 Alba,
756 1065 782 1087 et
801 1061 929 1086 Carseoli.
966 1061 1050 1087 Marsi
1069 1061 1096 1087 in
1114 1059 1276 1087 deditionem
1295 1060 1403 1094 accepti

116 1099 188 1120 sunt.
224 1095 374 1126 Collegium
387 1102 518 1127 augurum
531 1094 689 1126 ampliatum
701 1100 752 1126 est,
767 1099 796 1119 ut
808 1100 897 1119 essent
908 1102 1013 1126 novem,
1026 1102 1107 1126 quum
1116 1099 1196 1119 antea
1206 1095 1329 1127 quaterni
1339 1095 1405 1120 suis-

117 1132 188 1153 sent.
223 1127 283 1152 Lex
295 1128 327 1152 de
344 1127 534 1158 provocatione
547 1128 580 1152 ad
590 1127 716 1158 populum
731 1135 747 1152 a
759 1127 873 1152 Valerio
881 1127 989 1152 consule
998 1131 1061 1152 tunc
1069 1127 1179 1152 tertium
1193 1128 1249 1152 lata
1256 1132 1307 1152 est.
1338 1127 1404 1152 Dum

116 1160 200 1185 tribus
213 1160 324 1192 adjectae
332 1164 405 1191 sunt,
418 1159 544 1184 Aniensis
557 1163 585 1184 et
597 1159 754 1184 Terentina.
791 1160 958 1184 Samnitibus
971 1159 1068 1184 bellum
1081 1159 1222 1190 indictum,
1234 1164 1261 1184 et
1277 1160 1404 1185 adversus

118 1200 165 1218 eos
178 1200 245 1224 saepe
255 1192 381 1224 prospere
393 1196 540 1224 pugnatum
551 1196 600 1216 est.
636 1192 729 1218 Quum
743 1192 870 1217 adversus
883 1192 1022 1223 Etruscos,
1036 1191 1162 1223 Umbros,
1183 1192 1328 1223 Samnites,
1340 1192 1405 1217 Gal-

118 1225 168 1257 los,
182 1225 211 1249 P.
225 1225 310 1250 Decio
321 1228 350 1249 et
363 1224 399 1251 Q.
414 1224 499 1249 Fabio
518 1224 640 1257 ducibus,
653 1230 824 1256 pugnaretur,
843 1225 1030 1256 Romanusque
1041 1225 1177 1249 exercitus
1197 1225 1223 1249 in
1237 1224 1353 1249 maximo
1363 1228 1406 1249 est

117 1263 158 1283 set
166 1257 328 1289 discrimine,
342 1257 371 1282 Ρ.
385 1257 495 1289 Decius,
507 1261 618 1282 secutus
630 1257 781 1288 exemplum
794 1257 887 1288 patris,
907 1257 1016 1282 devovit
1035 1265 1064 1282 se
1077 1264 1124 1288 pro
1137 1257 1269 1288 exercitu,
1281 1261 1309 1282 et
1320 1261 1405 1282 morte

118 1291 168 1316 sua
180 1290 320 1315 victoriam
329 1290 387 1322 ejus
397 1297 491 1322 pugnas
503 1290 601 1321 populo
616 1290 738 1315 Romano
749 1290 831 1315 dedit.
868 1290 989 1321 Papirius
1010 1290 1109 1315 Cursor
1129 1290 1290 1315 Samnitium
1302 1289 1407 1315 exerci-

118 1328 186 1355 tum,
199 1323 244 1355 qui
253 1323 426 1355 jurejurando
435 1323 592 1354 obstrictus,
604 1331 656 1355 quo
668 1323 768 1354 majore
782 1323 934 1348 constantia
946 1322 1056 1349 virtutis
1070 1328 1211 1354 pugnaret,
1224 1323 1251 1347 in
1265 1322 1349 1347 aciem
1361 1323 1406 1347 de-
1419 1326 1422 1327 ’

118 1356 267 1387 soenderat,
281 1355 359 1380 fudit.
393 1355 496 1380 Census
504 1359 580 1380 actus
592 1359 633 1380 est
647 1363 654 1380 :
672 1355 787 1380 lustrum
796 1355 933 1380 conditum
945 1364 952 1380 ι
970 1363 1051 1381 censa
1063 1359 1125 1380 sunt
1137 1355 1238 1380 civium
1255 1355 1346 1386 capita
1358 1355 1407 1379 du-

117 1388 412 1454 centagggagiriggjluo
425 1388 521 1420 millia,
533 1392 561 1413 et
573 1391 690 1413 trecenta
703 1387 799 1421 viginti
812 1388 874 1413 duo.
895 1388 979 1422 [Car.
994 1396 1003 1414 ι
1013 1402 1047 1407 -
1056 1395 1153 1413 xcvii.
1172 1395 1200 1414 u.
1211 1396 1235 1414 c.
1248 1387 1395 1414 450—459

120 1431 147 1447 Δ.
162 1429 187 1446 e.
255 1435 288 1440 —
344 1439 351 1446 .

321 1505 505 1531 EPITOMAE
522 1506 723 1532 LIBRORUM
741 1506 873 1532 DECEM
891 1505 1204 1531 DEPERDITORUM.

548 1645 683 1664 :Pmoun
703 1645 787 1664 unm
809 1645 973 1664 unnsenss·

155 1693 248 1720 QUUM
261 1692 360 1718 Fabius
373 1692 475 1730 Gurges
488 1693 582 1718 consul
593 1693 664 1719 male
682 1694 808 1719 adversus
826 1693 961 1719 Samnites
979 1694 1132 1726 pugnasset,
1151 1696 1181 1719 et
1201 1697 1312 1719 senatus
1324 1693 1355 1718 de
1368 1701 1410 1719 re-

122 1726 253 1751 movendo
264 1733 296 1750 eo
308 1726 342 1750 ab
354 1732 474 1750 exercitu
488 1730 589 1758 ageret,
604 1726 705 1751 Fabius
724 1727 871 1759 Maximus,
886 1731 970 1758 pater,
983 1727 1144 1758 deprecatus
1157 1726 1226 1751 hanc
1238 1726 1287 1751 filii
1298 1726 1409 1759 ignomi-

122 1759 204 1790 niam,
217 1759 248 1784 eo
256 1758 372 1783 maxime
385 1762 510 1783 senatum
523 1759 617 1790 movit,
631 1760 698 1791 quod
720 1759 820 1784 iturum
833 1767 861 1784 se
882 1760 938 1784 filio
959 1760 1079 1791 legatum
1091 1759 1228 1791 pollicitus
1241 1763 1299 1790 est;
1328 1758 1408 1791 idque

122 1791 256 1823 praestitit.
291 1791 357 1822 Ejus
371 1791 491 1816 consiliis
503 1796 531 1816 et
543 1792 624 1823 opera
637 1792 707 1817 filius
719 1792 813 1817 consul
822 1792 940 1824 adjutus,
952 1792 1027 1817 caesis
1036 1791 1212 1823 Samnitibus,
1222 1791 1407 1822 triumphavit.

122 1825 155 1849 O.
170 1824 303 1855 Pontium,
317 1824 505 1854 imperatorem
518 1824 691 1856 Samnitium,
704 1825 812 1850 ductum
831 1825 856 1849 in
870 1825 1015 1856 triumpho,
1038 1825 1125 1849 securi
1139 1824 1278 1856 percussit.
1315 1823 1408 1850 Quum

123 1857 219 1882 civitas
232 1856 390 1888 pestilentia
400 1856 541 1888 laboraret,
555 1857 628 1881 missi
642 1857 733 1889 legati,
755 1862 784 1882 ut
796 1857 947 1889 AEsculapii
959 1857 1065 1889 signum
1085 1857 1198 1881 Romam
1218 1857 1251 1881 ab
1272 1856 1409 1887 Epidauro

122 1889 306 1920 transferrent,
319 1896 442 1920 anguem,
456 1889 500 1920 qui
513 1897 540 1913 se
553 1889 579 1913 in
592 1897 686 1914 navem
700 1898 791 1914 eorum
804 1890 964 1921 contulerat,
976 1890 1002 1914 in
1016 1897 1067 1921 quo
1077 1889 1162 1920 ipsum
1175 1896 1271 1913 numen
1279 1896 1337 1913 esse
1347 1897 1409 1914 cou-

123 1922 223 1953 stabat,
241 1921 430 1952 deportavere:
449 1929 533 1952 eoque
548 1922 574 1946 in
589 1921 704 1946 insulam
717 1921 825 1947 Tiberis
837 1930 954 1953 egresso,
975 1922 1067 1946 eodem
1089 1922 1149 1946 loco
1162 1922 1230 1946 aedes
1249 1921 1409 1953 AEsculapio

122 1958 281 1979 consecrata
293 1958 344 1979 est.
383 1953 415 1977 L.
430 1953 582 1978 Postumius
596 1954 753 1986 consularis,
772 1955 908 1986 quoniam,
925 1962 1006 1986 quum
1029 1953 1162 1979 exercitui
1183 1958 1315 1985 praeesset,
1328 1955 1410 1985 opera

123 1987 240 2012 militum
254 1987 279 2011 in
293 1994 356 2018 agro
368 1993 416 2010 suo
427 1993 490 2010 usus
502 1991 571 2017 erat,
583 1987 725 2011 damnatus
739 1990 790 2011 est.
826 1986 895 2011 Cum
908 1986 1074 2011 Samnitibus
1093 1994 1185 2017 pacem
1199 1987 1351 2017 petentibus
1365 1986 1411 2011 foe-

123 2020 172 2044 dus
185 2020 279 2051 quarto
291 2022 446 2044 renovatum
458 2022 508 2043 est.
543 2019 642 2043 Curius
656 2019 787 2044 Dentatus
800 2019 902 2050 consul,
916 2019 1083 2044 Samnitibus
1096 2019 1182 2050 czesis,
1191 2024 1219 2044 et
1232 2019 1351 2050 Sabinis,
1364 2019 1410 2051 qui

124 2052 328 2082 rebellaverant,
341 2051 431 2082 victis,
444 2055 471 2076 et
492 2051 518 2076 in
532 2051 696 2076 deditionem
710 2051 837 2083 acceptu,
851 2051 889 2076 bis
902 2051 927 2076 in
939 2052 1031 2077 eodem
1050 2052 1209 2083 magistratu
1222 2052 1409 2091 triumphavit.

125 2085 245 2110 Coloniae
257 2085 376 2109 deductas
388 2087 460 2115 sunt,
473 2083 611 2115 Castrum,
625 2084 706 2115 Sena,
721 2084 815 2109 Adria.
850 2083 997 2109 Triumviri
1011 2084 1142 2115 capitales
1156 2089 1220 2109 tunc
1233 2085 1347 2115 primum
1356 2092 1411 2109 cre-

125 2118 164 2143 ati
174 2122 246 2142 sunt.
282 2117 372 2142 Censu
385 2120 458 2148 acto,
471 2116 583 2142 lustrum
603 2117 739 2142 conditum
759 2121 814 2141 est:
839 2124 917 2141 oensa
930 2121 992 2141 sunt
1004 2117 1103 2142 civium
1116 2117 1206 2148 capita
1219 2118 1335 2142 ducenta
1352 2125 1413 2149 sep-

125 2150 250 2182 tuaginta
262 2150 315 2175 duo
327 2149 422 2174 millia.
457 2149 547 2180 Plebs,
559 2154 663 2181 propter
679 2158 714 2174 aes
724 2149 851 2179 alic-num,
863 2153 924 2180 post
936 2157 1029 2181 graves
1049 2154 1078 2174 et
1097 2149 1189 2182 longas
1205 2149 1359 2182 seditiones,
1378 2149 1411 2175 ad

125 2183 250 2208 ultimum
262 2182 375 2207 secessit
387 2182 414 2207 in
423 2181 578 2208 Janiculum
590 2191 596 2207 :
624 2182 693 2207 unde
706 2190 722 2207 a
734 2181 771 2208 Q..
785 2181 927 2207 Hortensio
939 2183 1069 2207 dictatore
1081 2182 1197 2207 deducta
1208 2187 1266 2207 est:
1291 2182 1366 2214 isque
1383 2182 1412 2207 in

127 2216 184 2247 ipso
197 2215 357 2240 mavistratu
369 2215 496 2240 decessit.
533 2215 587 2239 Res
599 2219 728 2246 proeterea
740 2218 832 2239 contra
846 2214 1029 2240 Volsinienses
1042 2219 1134 2247 gestas
1144 2215 1279 2240 continet:
1297 2215 1360 2240 item
1367 2215 1412 2240 ad-

127 2235 384 2313 versuzgucaggg']
395 2251 488 2273 contra
507 2255 573 2280 quos
595 2247 726 2272 auxilium
747 2246 876 2272 Thurinis
893 2247 960 2272 ferre
978 2247 1126 2280 placuerat.
1164 2248 1205 2281 [υ.
1219 2247 1410 2273 mmo—468.

129 2290 156 2306 Α.
173 2289 201 2306 c.
270 2293 303 2298 -
363 2297 371 2304 .

551 2352 685 2370 :Pmoun
704 2352 789 2370 mutu
810 2353 990 2371 nuonncun.

163 2389 258 2416 Quuu
272 2389 355 2421 legati
368 2388 549 2414 Romanorum
559 2397 575 2414 a
588 2389 673 2414 Gallis
686 2389 837 2415 Senonibus
851 2390 986 2415 interfecti
999 2395 1100 2422 essent,
1113 2390 1184 2416 bello
1193 2390 1226 2416 ob
1239 2390 1265 2415 id
1277 2389 1362 2415 Gallis
1373 2390 1413 2414 in-

129 2423 213 2454 dicto,
226 2422 259 2447 L.
272 2421 396 2447 Cocilius
409 2427 502 2453 praetor
513 2429 574 2446 cum
587 2421 735 2454 legionibus
747 2423 781 2446 ab
794 2422 825 2447 iis
837 2430 919 2447 caesus
932 2427 983 2448 est.
1019 2423 1111 2449 Quum
1124 2431 1140 2448 a
1152 2422 1309 2448 Tarentinis
1318 2421 1413 2447 classis

131 2455 252 2481 Romana
264 2455 367 2487 direpta
378 2459 460 2487 esset,
469 2454 620 2487 duumviro,
633 2454 678 2487 qui
690 2459 799 2486 praeerat
811 2455 901 2487 classi,
915 2456 1015 2488 occiso,
1025 2455 1117 2489 legati,
1130 2456 1163 2481 ad
1174 2463 1219 2481 eos
1231 2463 1248 2481 a
1263 2458 1370 2487 senata,
1382 2457 1413 2480 nt
