1617 2765
144 179 197 216 32
671 176 762 207 TITI
786 175 897 207 LIVII

147 271 206 308 lus
235 271 397 308 creavit:
437 271 567 308 Patres
596 271 699 308 fuere
729 279 913 308 auctores.
970 270 1109 307 Numae
1136 270 1310 319 Pompilii
1331 271 1476 321 regis-g

147 336 278 372 nepos,
300 324 377 360 filia
395 331 510 370 ortus,
532 325 666 360 Ancus
686 324 855 360 Marcius
874 330 978 359 erat:
1021 323 1097 372 qui,
1119 330 1159 359 ut
1179 336 1336 372 regnare
1357 336 1430 360 coe-
1451 325 1468 360 ἒ,

146 376 213 424 pit,
247 384 285 412 et
317 377 424 412 avitae
457 376 585 424 glorite
618 389 774 418 memor,
812 383 849 411 et
884 375 972 424 quia
1007 376 1221 433 proximum
1256 388 1428 424 regnum,
1452 389 1475 423 ς

146 435 284 464 caetera
302 429 510 477 egregium,
531 428 578 463 ab
599 441 674 464 una
694 436 798 477 parte
819 427 919 463 haud
947 428 1037 464 satis
1056 440 1273 476 prosperum
1296 428 1428 471 fuerat,
1452 424 1475 431 ““

146 487 210 516 aut
229 481 414 529 neglectis
434 480 692 529 religionibus,
714 487 778 516 aut
798 493 908 528 prave
929 480 1205 528 cultis310nge
1220 481 1431 528 antiquissi-
1451 478 1476 572 Ξ

145 544 251 568 mum
289 540 403 575 ratus,
433 545 541 568 sacra
569 532 734 581 publica,
764 540 805 568 ut
844 532 891 568 ab
928 532 1060 568 Numa
1097 533 1268 569 instituta
1309 540 1429 579 erant,

145 584 295 625 facere·
342 585 470 620 omnia
497 597 543 620 ea
584 597 631 621 ex
669 585 951 621 commentariis
988 585 1088 633 regis
1130 584 1361 633 pontificem,
1391 584 1430 620 in
1451 573 1477 614 ⁵3³⁰

145 636 271 672 album
294 637 420 682 relata
442 649 650 685 proponere
672 638 709 673 in
743 637 896 685 publico
917 637 1050 685 jubet:
1095 637 1183 673 inde
1217 644 1254 672 et
1283 637 1432 673 ciiibus

143 689 207 725 otii
230 689 390 737 cupidis,
412 697 449 725 et
469 689 638 725 finitimis
671 689 897 733 civitatibus,
927 689 1024 725 sacta
1044 701 1140 737 spes,
1162 689 1199 724 in
1221 689 1277 724 avi
1308 701 1430 725 mores

144 748 254 788 atque
275 741 446 778 instituta
466 754 594 789 regem
617 741 819 777 abiturum.
878 741 997 788 Igitur
1017 740 1157 787 Latini,
1172 753 1259 776 curn
1279 741 1428 788 quibus,
1446 755 1476 779 ιο

144 792 260 829 Tullo
279 801 475 841 regnante,
497 793 614 829 ictum
645 793 766 829 foedus
785 800 877 835 erat,
908 792 1135 828 sustulerant
1164 793 1309 829 animos
1327 806 1334 828 :
1380 800 1429 839 et,

143 857 258 892 quum
278 845 534 882 incursionem
556 845 593 881 in
615 857 745 894 agrum
776 844 996 881 Romanurn
1019 844 1210 887 fecissent,
1233 845 1431 893 repetenti-

144 896 215 933 bus
233 910 292 933 res
311 897 498 934 Romanis
518 897 677 945 superbe
698 909 920 946 responsum
942 897 1105 933 reddunt
1122 909 1131 940 3
1162 897 1330 933 desidem
1351 897 1428 934 Ro-

142 961 298 985 manurn
315 963 443 998 regem
458 950 553 986 inter
570 950 708 986 sacella
724 957 761 986 et
777 962 859 985 aras
880 957 1051 985 acturum
1073 961 1155 986 esse
1173 962 1330 997 reguum
1347 950 1428 986 rati.

143 1000 317 1038 Medium
331 1009 410 1038 erat
429 1002 467 1038 in
485 1002 598 1038 Anco
612 1002 821 1051 ingenium,
835 1009 872 1037 et
888 1001 1027 1037 Numae
1040 1009 1077 1037 et
1090 1001 1244 1037 Romuli
1261 1014 1402 1038 memor
1420 1015 1428 1038 :
1444 1016 1474 1041 15

142 1061 190 1098 et,
211 1062 457 1102 praeterquarn
478 1054 576 1102 quod
596 1055 653 1090 avi
674 1066 791 1103 regno
812 1054 931 1102 magis
956 1054 1210 1090 necessariam
1233 1053 1347 1090 fuisse
1367 1067 1431 1103 pa-

143 1118 227 1142 cem
254 1107 443 1151 credebat,
478 1119 594 1154 quum
630 1107 667 1142 in
697 1119 804 1151 novo,
835 1114 914 1142 tum
945 1106 1060 1143 feroci
1089 1106 1254 1154 populo,
1301 1107 1429 1153 etiam,

142 1159 240 1206 quod
269 1159 321 1195 illi
351 1159 572 1207 contigisset
599 1159 731 1202 otium,
762 1159 843 1195 sine
874 1158 1011 1207 injuria
1047 1158 1084 1194 id
1114 1171 1153 1194 se
1188 1159 1289 1194 haud
1320 1159 1428 1195 facile

142 1210 358 1247 habiturum
378 1224 386 1246 :
417 1211 553 1247 tentari
573 1211 808 1260 patientiam,
828 1218 866 1247 et
884 1218 1066 1247 tentatam
1086 1211 1278 1247 contemni
1298 1224 1305 1246 :
1337 1219 1429 1248 tem-

141 1275 305 1311 poraque
325 1276 407 1299 esse
428 1263 546 1300 Tullo
563 1263 642 1312 regi
676 1264 830 1312 aptiora,
850 1262 962 1311 quam
997 1263 1149 1299 Numae.
1205 1263 1256 1300 Ut
1288 1271 1475 1308 tamen,20

141 1316 319 1362 quoniam
340 1316 470 1352 Numa
499 1316 537 1352 in
565 1328 660 1364 pace
689 1316 891 1364 religiones
921 1315 1155 1359 instituisset,
1177 1328 1199 1351 a
1217 1328 1256 1351 se
1284 1316 1429 1352 bellicae

142 1368 370 1404 caerimoniae
390 1369 637 1417 proderentur
653 1381 661 1413 ;
692 1381 765 1404 nec
781 1375 1002 1417 gererentur
1015 1367 1145 1413 solum,
1162 1368 1227 1404 sed
1245 1368 1358 1404 etiam
1375 1368 1430 1405 in-

141 1419 359 1457 dicerentur
380 1421 477 1457 bella
497 1421 621 1469 aliquo
640 1420 736 1464 ritu,
761 1421 823 1470 jus
839 1421 886 1456 ab
906 1420 1096 1469 antiqua„
1077 1427 1188 1456 trente
1207 1420 1427 1468 AEquicolis,

141 1473 240 1519 quod
270 1486 374 1509 nunc
408 1473 560 1509 feciales
594 1473 746 1518 habent,
781 1472 990 1521 descripsit,
1025 1485 1098 1520 quo
1117 1485 1176 1508 res
1196 1480 1427 1520 repetuntur.

141 1522 321 1573 Legatus,
356 1526 419 1561 ubi
454 1526 500 1561 ad
530 1525 625 1561 fines
661 1538 790 1562 eorum
824 1525 938 1568 venit,
973 1525 1073 1560 unde
1106 1537 1165 1560 res
1194 1532 1426 1573 repetuntur,
1440 1537 1473 1562 25

141 1578 264 1625 capite
285 1578 405 1614 velato
425 1578 486 1614 filo
518 1578 632 1625 (lanae
652 1578 822 1614 velamen
843 1578 932 1627 est),
970 1579 993 1598 “
1011 1577 1129 1623 Audi,
1150 1577 1336 1625 Jupiter?
1372 1577 1428 1614 in-

140 1630 218 1676 quit
236 1643 243 1674 ;
274 1633 296 1651 “
315 1629 455 1673 audite,
478 1630 604 1666 fines⁷'
643 1629 935 1679 (cujuscumque
968 1629 1092 1678 gentis
1113 1637 1200 1665 sunt
1219 1629 1426 1679 nominat);

141 1682 312 1719 “audiat
341 1683 406 1718 sas.
465 1682 548 1731 Ego
577 1695 660 1718 sum
690 1682 864 1730 publicus
891 1682 1047 1718 nuntius
1075 1681 1202 1730 populi
1233 1682 1426 1719 Romani:

140 1734 275 1782 “juste
296 1735 430 1783 pieque
450 1735 596 1783 legatus
616 1735 736 1779 venio,
758 1734 954 1783 verbisque
974 1734 1067 1770 meis
1087 1734 1180 1770 fides
1199 1734 1284 1770 sit.¹'
1341 1734 1428 1771 Per-

141 1787 218 1836 agit
238 1787 376 1823 deinde
397 1788 594 1836 postulata.
651 1786 747 1823 Inde
767 1787 898 1823 Jovem
931 1794 1065 1823 testem
1086 1786 1200 1823 facit:
1256 1788 1280 1808 ‘³
1295 1787 1335 1823 Si
1355 1799 1426 1835 ego
1440 1799 1473 1824 :30

139 1841 162 1860 ‘⁴
182 1839 319 1888 injuste
340 1839 529 1888 impieque
563 1839 645 1875 illos
679 1839 852 1875 homines
873 1839 1027 1887 illasque
1047 1851 1106 1875 res
1135 1839 1264 1875 dedier
1293 1841 1427 1876 nuntio

141 1892 308 1940 “populi
343 1892 509 1928 Romani
544 1891 635 1927 mihi
656 1904 832 1939 exposco,
866 1900 945 1927 tum
966 1891 1094 1939 patriae
1124 1899 1334 1940 compotem
1364 1904 1425 1928 me

139 1945 374 1992 “nunquam
406 1943 491 1979 siris
526 1943 648 1980 esse.'’
725 1943 832 1990 Haec,
871 1956 987 1991 quum
1027 1943 1121 1979 fines
1149 1944 1424 1991 suprascandit‚

139 1996 222 2032 haec
255 1996 483 2044 quicumque
512 1996 546 2032 ei
578 1995 719 2044 primus
747 1995 802 2031 vir
829 1995 961 2032 obvius
996 1995 1118 2039 suerit,
1158 1995 1250 2041 haec,
1281 2005 1425 2044 portam

140 2048 372 2097 ingrediens,
405 2049 499 2094 haec,
538 2048 657 2085 forum
697 2048 898 2096 ingressus,
936 2047 1066 2105 paucis
1095 2047 1218 2084 verbis
1247 2049 1471 2086 carminisas

140 2101 457 2149 concipiendique
475 2100 723 2149 jurisjurandi
746 2100 911 2142 mutatis,
932 2099 1089 2148 peragit.
1131 2100 1172 2136 Si
1193 2113 1268 2137 non
1282 2101 1426 2138 dedun-

141 2159 212 2195 tur,
232 2166 323 2201 quos
339 2153 520 2211 exposcit,
539 2153 673 2189 diebus
692 2153 810 2189 tribus
826 2160 863 2189 et
878 2153 963 2201 trigt
926 2152 1031 2240 oi&
1049 2153 1119 2200 (tot
1131 2152 1231 2188 enim
1249 2153 1426 2191 solennes

139 2206 244 2255 sunt)
267 2205 442 2253 peractis,
478 2205 616 2241 bellum
648 2205 698 2241 ita
731 2205 890 2241 indicit·
1027 2204 1101 2249 udi,
1133 2204 1293 2254 Jupiter,
1314 2215 1351 2243 et
1370 2215 1423 2251 tu,

139 2259 165 2279 ‘⁸
181 2257 296 2303 June,
315 2256 495 2300 Quirine,
517 2257 654 2305 Diique
683 2270 814 2293 omnes
843 2257 1028 2300 eoelestes,
1059 2269 1196 2305 vosque
1216 2264 1423 2307 terrestres,

139 2310 319 2357 “vosque
340 2309 491 2352 inferni,
514 2310 652 2345 audite.
710 2309 793 2358 Ego
823 2322 885 2346 vos
913 2317 1042 2355 testor,
1072 2310 1249 2358 populum
1282 2311 1469 2352 illum”4o

142 2360 389 2411 (quicumque
410 2370 478 2404 est,
501 2361 687 2411 nominat)
709 2364 732 2383 “
751 2362 931 2411 injustum
953 2374 1049 2404 esse,
1070 2375 1191 2410 neque
1207 2363 1270 2411 jus
1288 2364 1424 2412 persol-

140 2416 165 2436 “
184 2427 281 2450 vere.
339 2414 414 2450 Sed
445 2414 491 2450 de
522 2414 601 2450 istis
631 2414 741 2450 rebus
761 2414 797 2450 in
824 2415 943 2462 patria
964 2414 1123 2463 majores
1144 2423 1234 2451 natu
1254 2416 1424 2453 consule-

141 2468 165 2489 “
184 2479 278 2513 mus,
299 2479 371 2515 quo
390 2474 500 2515 pacto
517 2466 577 2515 jus
596 2474 762 2503 nostrum
785 2467 1074 2516 adipiscamur.''
1132 2467 1230 2504 Cum
1252 2468 1310 2505 his
1331 2481 1425 2506 nun·
