1617 2765
499 220 636 252 LIBER
659 219 722 250 111.
750 229 831 251 CAP.
848 229 1000 251 xxxvxn.
1337 222 1390 259 85

55 323 90 361 ’Ξ
154 316 390 356 XXXVIII.
421 315 512 352 Idus
533 315 648 364 Majze
670 316 816 353 venere.
872 314 1000 352 Nullis
1021 314 1232 363 subrogatis
1252 316 1389 365 magis-

55 362 81 411 3.
102 372 272 413 uatibus,
292 368 424 418 privati
452 381 519 417 pro
538 368 776 414 decemviris,
811 380 933 416 neque
964 367 1100 403 animis
1121 367 1167 403 ad
1188 367 1386 415 imperium

62 414 80 467 Ξ
104 423 351 459 inhibendum
371 420 592 465 imminutis,
627 433 750 468 neque
771 420 817 456 ad
852 420 1018 468 speciem
1049 419 1201 456 honoris
1230 419 1389 468 insigni-

54 503 79 527 ἡ
101 475 182 520 bus,
202 474 399 522 prodeunt.
456 473 501 509 Id
514 472 602 509 vero
618 485 778 522 regnum
795 473 895 509 haud
917 472 1030 508 dubie
1047 471 1178 508 videri.
1210 471 1390 520 Deplora-

53 529 78 559 3
99 534 158 562 tur
179 526 216 562 in
236 533 460 575 perpetuum
476 525 652 569 liberta33
682 538 755 561 nec
775 525 913 561 vindex
929 525 1125 573 quisquam
1147 524 1304 570 exsistit,
1326 532 1390 561 aut

60 571 245 616 {futurus
265 578 433 615 videtur:
473 589 545 614 nec
565 577 635 626 ipsi
669 578 787 614 solum
821 577 1102 625 desponderant
1137 576 1295 620 animos,
1322 577 1389 613 sed

52 620 291 667 &contemni
312 630 425 679 coepti
445 637 553 666 erant
582 642 604 666 a
636 629 806 666 finitimis
825 629 996 678 populis;
1040 629 1316 677 imperiumque
1337 629 1389 666 ibi

97 695 193 729 esse,
214 683 278 719 ubi
298 696 374 720 non
394 689 494 719 esset
522 682 686 728 libertas,
716 682 1026 732 indignabantur.
1085 681 1217 718 Sabini
1248 682 1389 730 magna

97 747 212 771 manu
233 735 490 772 incursionem
508 735 545 771 in
563 747 695 784 agrum
709 735 927 771 Romanum
942 733 1090 770 fecere:
1112 733 1259 782 lateque
1272 747 1390 782 popu·

55 786 174 830 inlati,
196 800 311 835 quum
342 787 538 824 hominum
569 795 679 834 atque
699 787 889 836 pecudum
913 787 1021 823 inulti
1041 787 1187 835 praedas
1207 786 1386 835 egissent,

97 848 250 888 recepto
270 840 317 876 ad
337 840 508 881 Eretum,
522 840 618 888 quod
633 839 771 888 passim
785 846 959 888 vagatum
976 846 1068 882 erat²
1083 839 1248 887 agmine,
1266 846 1390 875 castra

97 891 236 937 locant,
267 905 371 941 spem
405 892 443 928 in
474 892 660 928 discordizi
694 892 869 929 Romani
900 899 1098 940 ponentes,
1119 904 1203 927 eam
1230 891 1390 939 impedi-

97 952 268 980 mentum
298 944 463 980 delectui
492 944 581 980 fore.
638 944 728 980 Non
749 944 871 980 nuntii
902 944 1036 987 solum,
1066 944 1132 980 sed
1162 956 1227 992 per
1248 943 1390 980 Urbem

98 996 300 1044 agrestium
331 996 420 1044 fuga
447 995 737 1044 trepidationem
767 996 908 1044 injecit.
992 996 1210 1032 Decemviri
1239 996 1390 1032 consul-

55 1060 86 1085 15
98 1053 188 1093 tant,
210 1048 299 1096 quid
329 1060 424 1096 opus
445 1047 544 1084 facto
563 1048 633 1084 sit:
681 1048 869 1084 destitutis
899 1048 996 1084 inter
1016 1048 1171 1084 Patrum
1200 1055 1237 1084 et
1266 1048 1390 1096 plebis

97 1100 184 1137 odia
203 1100 348 1137 addidit
376 1108 556 1137 terrorem
585 1100 738 1149 insuper
758 1101 872 1136 alium
895 1100 1053 1138 fortuna.
1112 1100 1227 1148 AEqui
1248 1100 1323 1137 alia
1341 1113 1389 1137 ex

96 1159 201 1201 parte
221 1160 345 1189 castra
364 1152 402 1189 in
423 1153 564 1202 Algido
583 1152 709 1190 locant
726 1166 735 1197 3
779 1153 1122 1201 depopulatumque
1143 1153 1232 1189 inde
1253 1165 1390 1190 excur-

97 1204 266 1241 sionibus
295 1205 560 1242 Tusculanum
582 1218 715 1254 agrum
734 1205 847 1255 legati
877 1206 923 1242 ab
953 1205 1140 1249 Tusculo,
1168 1206 1388 1255 praesidium

97 1265 262 1305 orantes,
293 1258 482 1294 nuntiant.
540 1257 579 1294 Is
610 1271 723 1306 pavor
752 1258 913 1307 perpulit
942 1258 1191 1305 decemviros,
1213 1265 1252 1295 ut
1281 1271 1390 1295 sena-

52 1321 84 1346 20
98 1315 191 1353 tum,
212 1310 322 1346 simul
352 1310 500 1346 duobus
529 1310 863 1347 circumstantibus
893 1311 1033 1347 Urbem
1064 1311 1184 1357 bellis,
1214 1311 1389 1348 consule-

100 1369 195 1398 rent.
252 1363 370 1399 Citari
396 1362 533 1411 jubent
561 1362 600 1398 in
630 1363 774 1399 curiam
796 1363 939 1409 Patres,
961 1364 1061 1399 haud
1083 1363 1218 1412 ignari,
1249 1370 1390 1411 quanta

98 1413 249 1450 invidiae
269 1415 483 1451 immineret
502 1422 705 1464 tempestas
723 1428 731 1451 ε
773 1429 905 1452 omnes
938 1416 1069 1452 vastati
1104 1416 1184 1465 agri
1204 1416 1390 1464 periculo-

97 1478 254 1514 rumque
275 1467 556 1503 imminentium
576 1480 711 1504 causas
731 1468 768 1504 in
786 1481 825 1504 se
843 1476 1101 1517 congesturos,
1124 1469 1390 1505 tentationem-

96 1530 168 1566 que
188 1531 271 1555 eam
293 1519 370 1556 fore
391 1519 566 1555 abolendi
596 1520 667 1556 sibi
697 1521 946 1568 magistratus,
969 1521 1006 1557 ni
1028 1533 1219 1557 consensu
1240 1521 1390 1557 resiste-

51 1582 85 1608 25
97 1577 191 1616 rent,
213 1571 444 1620 imperioque
464 1571 673 1609 inhibendo
693 1573 829 1608 acriter
850 1573 888 1609 in
908 1586 1050 1621 paucos
1078 1573 1293 1622 praeferocis
1313 1573 1391 1610 ani-

97 1622 162 1665 mi,
184 1631 345 1660 conatus
375 1624 532 1660 aliorum
562 1625 867 1673 comprimerent.
925 1626 1128 1674 Postquam
1158 1626 1289 1663 audita
1318 1638 1389 1662 vox

98 1674 136 1710 in
158 1675 237 1711 foro
256 1682 313 1712 est
332 1676 529 1724 praeconis,
550 1676 682 1713 Patres
701 1677 738 1713 in
760 1678 906 1714 curiam
927 1679 973 1714 ad
995 1678 1231 1715 decemviros
1250 1691 1388 1715 vocan-

98 1726 170 1772 tis;
201 1727 302 1764 velut
321 1740 417 1764 nova
435 1741 508 1775 res,
528 1729 617 1776 quia
646 1730 926 1766 intermiserant
955 1731 1102 1779 jamdiu
1136 1743 1279 1767 morem
1300 1743 1390 1767 con-

98 1779 248 1816 sulendi
295 1781 459 1823 senatus,
507 1781 771 1818 mirabundam
814 1782 962 1830 plebem
993 1783 1191 1826 convertit,
1238 1785 1262 1804 ‘⁴
1283 1783 1390 1831 quid-

52 1832 121 1868 30“
135 1844 222 1868 nam
261 1832 470 1876 incidisset,
518 1845 586 1870 cur
624 1846 671 1870 ex
713 1841 816 1870 tanto
845 1834 1042 1872 intervallo
1081 1848 1161 1872 rem
1190 1836 1389 1872 desuetam

96 1884 121 1905 ‘⁶
135 1892 368 1933 usurparent.
427 1885 610 1922 Hostibus
640 1886 812 1934 belloque
841 1887 1001 1935 gratiam
1023 1888 1253 1932 habendam,
1283 1887 1386 1936 quod

95 1938 119 1958 “
132 1937 282 1974 solitum
310 1937 515 1986 quidquam
556 1938 684 1974 liberae
714 1939 876 1975 civitatis
905 1939 1047 1976 fieret.''
1122 1940 1390 1989 Circumspec-

96 1995 174 2026 tare
214 1990 391 2026 omnibus
426 1989 495 2027 fori
541 1991 710 2039 partibus
748 1998 974 2036 senatorem,
1022 1992 1181 2041 raroque
1228 2005 1389 2041 usquam

96 2042 282 2079 noscitare
300 2055 308 2079 t
355 2042 500 2079 curiam
544 2043 633 2079 inde
672 2056 717 2080 ac
759 2044 1001 2081 solitudinem
1048 2045 1153 2082 circa
1198 2045 1389 2082 decemvi-

51 2104 83 2129 35
97 2106 156 2130 ros
173 2094 337 2140 intueri3
384 2107 500 2143 quum
521 2102 558 2132 et
578 2095 648 2144 ipsi
677 2096 840 2132 invisum
883 2109 1074 2134 consensu
1106 2097 1321 2146 imperium,
1351 2105 1389 2134 et

96 2145 213 2194 plebs,
233 2147 322 2195 quia
340 2147 492 2196 privatis
517 2147 579 2196 jus
599 2161 674 2185 non
695 2156 795 2185 esset
815 2149 974 2186 vocandi
995 2157 1182 2193 senatum,
1204 2163 1280 2187 non
1301 2163 1390 2187 con-

99 2198 225 2234 venire
246 2199 376 2236 Patres
398 2200 756 2249 interpretarentur;
795 2203 819 2223 ‘²
833 2202 910 2251 jam
941 2210 1055 2251 caput
1074 2202 1155 2239 fieri
1176 2203 1388 2239 libertatem

98 2250 122 2271 “
136 2251 400 2298 repetentium,
421 2253 452 2289 si
471 2265 510 2289 se
530 2253 636 2301 plebs
655 2254 842 2290 comitem
868 2255 1016 2291 senatui
1037 2255 1113 2298 det,
1134 2262 1184 2299 et,
1209 2256 1389 2304 quemad-

98 2303 121 2324 “
140 2302 292 2339 modum
328 2303 457 2341 Patres
489 2306 613 2342 vocati
639 2319 716 2343 non
745 2309 885 2343 coeant
914 2307 951 2343 in
981 2315 1167 2353 senatum,
1198 2308 1253 2344 sic
1282 2308 1388 2356 plebs

53 2364 86 2390 40
98 2356 123 2377 “
140 2355 280 2391 abnuat
299 2355 526 2394 delectum.’'
584 2358 681 2395 Haec
711 2358 876 2396 fremunt
907 2360 1048 2408 plebes.
1107 2360 1261 2397 Patrum
1287 2360 1388 2397 haud

99 2407 176 2444 ferc-
196 2407 394 2455 quisquam
414 2408 452 2444 in
473 2409 562 2453 foro,
583 2410 622 2446 in
643 2411 745 2448 Urbe
766 2413 839 2448 rari
859 2419 989 2449 erant:
1020 2412 1247 2462 indignitate
1261 2426 1386 2449 rerum

99 2467 291 2496 cesserant
312 2460 348 2496 in
370 2472 501 2509 agrosg
544 2475 770 2512 suarumque
800 2477 924 2501 rerum
954 2473 1073 2510 erant,
1108 2466 1247 2501 amissa
1268 2465 1388 2513 publi-

99 2513 142 2550 ca
160 2525 169 2557 ;
200 2511 346 2549 tantum
366 2513 412 2549 ab
433 2513 567 2562 injuria
600 2527 639 2551 se
670 2516 800 2553 abesse
822 2517 903 2560 rati,
924 2517 1107 2566 quantum
1129 2530 1150 2554 a
1169 2525 1270 2554 coetu
1299 2529 1388 2553 con-

516 2565 541 2602 8
