1617 2765
535 191 671 222 LIBER
693 190 836 221 XXVII.
883 200 963 221 CAP.
981 200 1097 221 xxxix.
1391 191 1470 229 219

187 287 277 324 dum
317 299 399 324 esse
432 284 680 323 descendenti
722 284 769 321 ab
803 284 977 333 Alpibus,
1007 296 1055 320 ne
1084 283 1213 320 Gallos
1242 283 1468 332 CisalpinOS‚

189 353 282 376 neve
303 339 505 383 Etruriam,
525 345 689 373 erectam
712 337 748 373 in
771 349 875 385 spem
909 349 1032 372 rerum
1067 347 1262 377 novarum,
1294 336 1470 373 sollicita-

188 399 243 428 ret
259 404 269 435 3
298 399 335 427 et
356 389 611 427 Hannibalem
631 401 698 425 suo
717 389 864 438 proprio
883 389 1150 436 occupandum
1169 387 1278 432 bello,
1292 400 1339 422 ne
1353 400 1471 425 emer-

188 455 276 492 gere
306 455 354 478 ex
383 442 548 486 Bruttiis,
581 449 691 489 atque
728 441 878 477 obviarn
914 441 1014 476 fratri
1044 441 1111 482 ire,
1142 438 1300 490 posset),
1342 439 1471 476 Livius

160 495 451 541 scunetabatur‚
487 506 618 543 parum
650 493 769 529 fidens
798 506 949 529 suarum
985 492 1261 541 provinciarum
1299 492 1472 528 exerciti-

191 547 281 584 bus:
320 547 540 595 “collegam
573 558 619 582 ex
639 546 785 582 duobus
814 545 1076 582 consularibus
1106 543 1270 593 egregiis
1298 544 1472 580 exerciti-

187 602 212 622 “
227 600 308 646 bus,
328 606 365 636 et
384 600 505 642 tertio,
526 599 589 635 cui
617 597 670 637 Q.
706 598 889 634 Claudius
923 597 1081 633 Tarenti
1112 602 1300 646 praeesset,
1321 596 1473 632 electio-

187 653 311 688 “nem
334 652 470 687 habere
487 652 530 687 :⁷’
579 651 827 698 intuleratque
848 650 1079 686 mentionem
1113 650 1160 685 de
1194 648 1390 685 volonibus
1418 661 1473 684 re-

187 704 366 740 vocandis
386 704 432 740 ad
453 703 573 752 signa.
631 704 795 739 Senatus
815 703 969 739 liberam
997 709 1217 750 potestatem
1252 700 1471 737 consulibus

145 770 173 794 10
189 756 290 800 fecit,
311 763 348 792 et
367 756 566 805 supplendi
586 756 687 792 unde
708 755 859 802 vellent,
875 762 912 791 et
930 754 1096 803 eligendi
1113 754 1159 790 de
1171 753 1347 790 omnibus
1367 765 1474 790 exer-

187 809 335 854 citibus,
355 821 447 856 quos
476 808 627 851 vellent,
657 808 983 856 permutandique,
1012 814 1050 843 et
1069 819 1117 843 ex
1146 805 1361 855 provinciis,
1381 818 1473 853 quos

187 874 208 897 e
238 873 276 897 re
305 861 457 909 publica
485 868 686 897 censerent
713 872 810 903 esse,
840 859 1076 896 traducendi.
1143 859 1200 895 Ea
1228 857 1356 894 omnia
1385 870 1472 894 cum

188 914 336 949 summa
365 913 569 950 concordia
597 912 796 949 consulum
827 919 921 948 acta.
980 912 1147 948 Volones
1167 911 1205 947 in
1236 910 1474 946 undevicesi-

188 977 287 1001 mam
308 973 345 1001 et
365 965 582 1001 vicesimam
611 965 780 1013 legiones
808 964 948 1012 scripti.
1007 964 1136 1012 Magni
1170 962 1312 999 roboris
1333 962 1473 998 auxilia

145 1029 175 1054 15
188 1028 234 1053 ex
254 1017 435 1065 Hispania
465 1029 612 1065 quoque
646 1029 668 1052 a
698 1016 737 1051 P.
760 1016 939 1064 Scipione
975 1015 1028 1051 M.
1051 1015 1157 1051 Livio
1177 1015 1290 1050 missa
1318 1014 1471 1061 quidam

188 1069 234 1104 ad
255 1069 292 1105 id
314 1069 451 1105 bellum
472 1076 644 1105 auctores
664 1074 776 1104 sunt:
821 1075 907 1104 octo
929 1068 1045 1104 millia
1074 1067 1331 1116 Hispanorum
1351 1066 1474 1102 Gallo-

188 1133 358 1169 rumque,
392 1128 430 1157 et
461 1121 535 1158 duo
567 1120 685 1157 millia
704 1121 750 1156 de
774 1121 922 1169 legione
952 1120 1125 1165 militum,
1156 1119 1325 1167 equitum
1355 1118 1472 1161 mille,

188 1173 323 1210 mixtos
353 1173 540 1210 Numidas
574 1173 864 1221 Hispanosque:
914 1172 967 1208 M.
1002 1171 1222 1208 Lucretium
1249 1171 1316 1206 has
1344 1171 1474 1218 copias

189 1226 345 1262 navibus
365 1226 568 1262 adduxisse
586 1238 594 1261 ε
634 1231 672 1261 et
691 1225 966 1273 sagittariorum
989 1224 1296 1271 funditorumque
1316 1222 1362 1258 ad
1385 1234 1473 1270 qua·

145 1290 176 1315 eo
189 1284 271 1314 tuor
293 1278 407 1314 millia
426 1290 471 1314 ex
493 1277 622 1314 Sicilia
641 1277 685 1314 C.
710 1277 926 1314 Mamilium
944 1277 1100 1313 misisse.

242 1382 437 1419 XXXIX.
481 1382 681 1419 Auxerunt
700 1382 835 1419 Romae
854 1381 1055 1418 tumultum
1075 1380 1192 1416 literae
1211 1391 1259 1416 ex
1278 1377 1403 1415 Gallia
1423 1378 1475 1414 al-

188 1433 272 1470 latae
301 1436 347 1471 ab
367 1435 411 1471 L.
432 1434 565 1471 Porcio
584 1442 739 1483 praetore
757 1448 766 1470 z
813 1438 837 1458 ‘⁶
851 1433 1128 1470 Hasdrubalem
1160 1431 1319 1468 movisse
1353 1443 1400 1467 ex
1419 1430 1475 1467 hi-

188 1486 213 1508 “
231 1487 368 1530 bernis,
389 1493 426 1523 et
441 1486 519 1535 jam
540 1487 658 1535 Alpes
690 1486 848 1523 transire
866 1499 874 1522 :
917 1491 1003 1522 octo
1032 1484 1150 1521 millia
1168 1484 1366 1532 Ligurum,
1386 1494 1476 1519 con·

189 1539 368 1588 “scripta
387 1545 616 1586 armataque,
641 1539 891 1588 conjunctura
921 1550 960 1574 se
994 1544 1228 1585 transgresso
1257 1535 1295 1571 in
1326 1533 1474 1571 Italiam

144 1592 213 1630 ‘25“
229 1604 324 1635 esse,
345 1591 418 1627 nisi
437 1591 646 1627 mitteretur
675 1591 713 1627 in
743 1591 915 1640 LigureS.
945 1590 1008 1638 qui
1037 1602 1101 1626 eos
1122 1588 1218 1625 bello
1246 1592 1474 1635 occuparet:

189 1646 214 1666 “
231 1655 281 1686 se,
315 1655 403 1679 cum
434 1643 598 1679 invalido
618 1644 799 1686 exercitu,
821 1643 943 1691 quoad
975 1649 1096 1678 tutum
1127 1646 1287 1690 putaret,
1308 1651 1477 1688 progres-

190 1695 396 1732 “surum.''
456 1695 526 1730 Hae
563 1694 680 1731 literae
708 1695 897 1740 consules,
931 1694 1065 1742 raptim
1103 1692 1278 1729 confecto
1311 1691 1475 1737 delectu,

191 1746 385 1790 maturius,
405 1746 517 1795 quam
538 1747 826 1790 constituerant,
847 1747 950 1782 exire
966 1746 1004 1782 in
1025 1745 1237 1794 provincias
1253 1746 1473 1791 coegerunt,

191 1802 234 1837 ea
268 1806 407 1844 mente,
442 1806 483 1835 ut
513 1806 668 1847 uterque
699 1800 842 1835 hostem
872 1799 910 1834 in
932 1800 998 1834 sua
1027 1796 1221 1846 provincia
1250 1795 1474 1841 contineret,

145 1861 178 1886 30
191 1863 313 1900 neque
359 1851 554 1899 conjungi,
589 1861 653 1888 aut
688 1851 860 1887 conferre
903 1851 941 1886 in
984 1862 1101 1886 unurn
1142 1849 1237 1884 vires
1274 1853 1475 1896 pateretur.

192 1903 400 1940 Plurimum
421 1903 459 1939 in
479 1915 561 1939 eam
582 1916 660 1939 rem
681 1904 822 1952 adjuvit
840 1902 967 1951 opinio
990 1901 1240 1938 Hannibalis:
1281 1898 1393 1947 quod,
1422 1905 1477 1934 et-

191 1956 221 1993 si
241 1957 285 1992 ea
315 1962 442 1992 aestate
471 1956 713 1992 transiturum
744 1956 782 1992 in
813 1955 959 1991 Italiam
989 1954 1139 1990 fratrem
1172 1952 1399 1994 crediderat,
1421 1962 1477 1986 re-

192 2008 383 2045 cordando
402 2020 484 2055 quae
504 2008 583 2056 ipse
603 2009 641 2044 in
660 2008 819 2044 transitu
839 2019 944 2043 nunc
962 2006 1155 2052 Rhodani,
1179 2017 1283 2041 nunc
1306 2003 1475 2051 Alpium,

192 2073 280 2097 cum
301 2060 515 2096 hominibus
534 2060 700 2108 locisque
729 2060 934 2109 pugnando
954 2071 1019 2108 per
1038 2058 1202 2106 quinque
1236 2067 1385 2092 menses
1412 2067 1476 2091 ex-

145 2124 177 2149 35
193 2112 389 2156 hausisset,
411 2112 699 2160 haudquaquam
720 2120 794 2149 tam
817 2112 965 2148 facilem
996 2118 1257 2157 maturumque
1277 2107 1477 2144 transitum

193 2164 446 2213 exspectabat.
503 2164 560 2199 Ea
596 2164 739 2201 tardius
771 2164 946 2201 movendi
975 2176 1023 2200 ex
1053 2162 1221 2199 hibernis
1250 2172 1366 2197 causa
1395 2159 1475 2195 fuit.

195 2216 392 2253 Caeterum
414 2216 642 2253 Hasdrubali
662 2224 699 2253 et
718 2218 783 2253 sua
804 2224 841 2253 et
861 2216 1018 2252 aliorum
1051 2227 1116 2263 spe
1142 2213 1268 2251 omnia
1297 2211 1479 2249 celeriora

195 2275 304 2317 atque
323 2268 557 2317 expeditiora
577 2269 696 2306 fuere.
752 2269 840 2306 Non
872 2269 974 2305 enim
1007 2276 1234 2315 receperunt
1261 2264 1373 2301 modo
1407 2266 1478 2300 Ar-

195 2321 298 2357 verni
319 2333 420 2366 eum,
440 2320 692 2370 deincepsque
712 2321 794 2358 aliae
823 2321 980 2358 Gallieae
1010 2327 1120 2368 atque
1150 2319 1302 2368 Alpinae
1321 2323 1477 2366 gentes;

153 2387 184 2413 40
197 2373 262 2410 sed
282 2373 396 2409 etiam
416 2379 555 2410 secutae
574 2381 661 2410 sunt
680 2375 727 2410 ad
747 2374 886 2410 bellum
904 2386 912 2410 ε
955 2380 993 2409 et
1011 2385 1126 2421 quum
1152 2384 1217 2420 per
1237 2370 1383 2407 munita
1402 2367 1478 2416 ple-

197 2438 312 2474 raque
345 2425 504 2462 transitu
535 2426 668 2469 fratris,
701 2439 784 2474 quae
822 2433 935 2463 antea
967 2426 1068 2462 invia
1097 2424 1257 2465 fuerant,
1287 2420 1478 2462 ducebat;

199 2485 277 2515 tum
296 2478 421 2524 etiam,
442 2477 642 2515 duodecim
665 2491 847 2516 annorum
878 2478 1120 2515 assuetudine
1149 2474 1286 2525 perviis
1318 2471 1479 2521 Alpibus
