<?xml version="1.0" encoding="UTF-8"?>
<!DOCTYPE html PUBLIC "-//W3C//DTD XHTML 1.0 Transitional//EN"
    "http://www.w3.org/TR/xhtml1/DTD/xhtml1-transitional.dtd">
<html xmlns="http://www.w3.org/1999/xhtml" xml:lang="en" lang="en">
 <head>
  <title>
</title>
<meta http-equiv="Content-Type" content="text/html;charset=utf-8" />
  <meta name='ocr-system' content='tesseract 3.04.00' />
  <meta name='ocr-capabilities' content='ocr_page ocr_carea ocr_par ocr_line ocrx_word'/>
</head>
<body>
  <div class='ocr_page' id='page_1' title='image "./historiarumliber00livyuoft_0135.png"; bbox 0 0 1617 2765; ppageno 0'>
   <div class='ocr_carea' id='block_1_1' title="bbox 554 213 1398 252">
    <p class='ocr_par' dir='ltr' id='par_1_1' title="bbox 554 213 1398 252">
     <span class='ocr_line' id='line_1_1' title="bbox 554 213 1398 252; baseline -0.006 -7"><span class='ocrx_word' id='word_1_1' title='bbox 554 214 692 245; x_wconf 85' lang='lat' dir='ltr'>LIBER</span> <span class='ocrx_word' id='word_1_2' title='bbox 716 213 754 243; x_wconf 81' lang='lat' dir='ltr'>V.</span> <span class='ocrx_word' id='word_1_3' title='bbox 783 222 865 244; x_wconf 71' lang='lat' dir='ltr'>CAP.</span> <span class='ocrx_word' id='word_1_4' title='bbox 883 222 987 243; x_wconf 80' lang='lat' dir='ltr'>xxxv.</span> <span class='ocrx_word' id='word_1_5' title='bbox 1324 216 1398 252; x_wconf 82' lang='lat'>117</span> 
     </span>
    </p>
   </div>
   <div class='ocr_carea' id='block_1_2' title="bbox 63 305 1397 1036">
    <p class='ocr_par' dir='ltr' id='par_1_2' title="bbox 78 305 1396 777">
     <span class='ocr_line' id='line_1_2' title="bbox 109 305 1396 361; baseline -0.002 -13"><span class='ocrx_word' id='word_1_6' title='bbox 109 312 169 350; x_wconf 71' lang='lat' dir='ltr'>via</span> <span class='ocrx_word' id='word_1_7' title='bbox 201 311 317 361; x_wconf 90' lang='lat' dir='ltr'>(quod</span> <span class='ocrx_word' id='word_1_8' title='bbox 349 310 500 360; x_wconf 89' lang='lat' dir='ltr'>quidem</span> <span class='ocrx_word' id='word_1_9' title='bbox 535 308 737 346; x_wconf 89' lang='lat' dir='ltr'>continens</span> <span class='ocrx_word' id='word_1_10' title='bbox 766 306 948 344; x_wconf 87' lang='lat' dir='ltr'>memoria</span> <span class='ocrx_word' id='word_1_11' title='bbox 975 307 1035 353; x_wconf 89' lang='lat' dir='ltr'>sit,</span> <span class='ocrx_word' id='word_1_12' title='bbox 1055 305 1128 343; x_wconf 82' lang='lat' dir='ltr'>nisi</span> <span class='ocrx_word' id='word_1_13' title='bbox 1149 306 1196 343; x_wconf 94' lang='lat' dir='ltr'>de</span> <span class='ocrx_word' id='word_1_14' title='bbox 1226 306 1396 345; x_wconf 88' lang='lat' dir='ltr'>Hercule</span> 
     </span>
     <span class='ocr_line' id='line_1_3' title="bbox 110 359 1396 412; baseline -0.004 -10"><span class='ocrx_word' id='word_1_15' title='bbox 110 365 246 401; x_wconf 79' lang='lat' dir='ltr'>fabulis</span> <span class='ocrx_word' id='word_1_16' title='bbox 281 364 436 402; x_wconf 84' lang='lat' dir='ltr'>credere</span> <span class='ocrx_word' id='word_1_17' title='bbox 473 362 582 412; x_wconf 91' lang='lat' dir='ltr'>libet)</span> <span class='ocrx_word' id='word_1_18' title='bbox 613 368 818 409; x_wconf 84' lang='lat' dir='ltr'>superatas.</span> <span class='ocrx_word' id='word_1_19' title='bbox 907 359 966 396; x_wconf 91' lang='lat' dir='ltr'>Ibi</span> <span class='ocrx_word' id='word_1_20' title='bbox 996 371 1112 407; x_wconf 90' lang='lat' dir='ltr'>quum</span> <span class='ocrx_word' id='word_1_21' title='bbox 1143 359 1244 395; x_wconf 90' lang='lat' dir='ltr'>velut</span> <span class='ocrx_word' id='word_1_22' title='bbox 1272 368 1396 407; x_wconf 87' lang='lat' dir='ltr'>septos</span> 
     </span>
     <span class='ocr_line' id='line_1_4' title="bbox 108 412 1395 460; baseline -0.005 -6"><span class='ocrx_word' id='word_1_23' title='bbox 108 418 290 454; x_wconf 89' lang='lat' dir='ltr'>montium</span> <span class='ocrx_word' id='word_1_24' title='bbox 312 415 468 452; x_wconf 82' lang='lat' dir='ltr'>altitudo</span> <span class='ocrx_word' id='word_1_25' title='bbox 487 421 634 450; x_wconf 88' lang='lat' dir='ltr'>teneret</span> <span class='ocrx_word' id='word_1_26' title='bbox 652 413 793 456; x_wconf 85' lang='lat' dir='ltr'>Gallos,</span> <span class='ocrx_word' id='word_1_27' title='bbox 824 412 1276 460; x_wconf 80' lang='lat' dir='ltr'>circumspectarentque,</span> <span class='ocrx_word' id='word_1_28' title='bbox 1305 413 1395 459; x_wconf 67' lang='lat' dir='ltr'>qua-</span> 
     </span>
     <span class='ocr_line' id='line_1_5' title="bbox 108 464 1395 517; baseline -0.005 -12"><span class='ocrx_word' id='word_1_29' title='bbox 108 482 195 505; x_wconf 91' lang='lat' dir='ltr'>nam</span> <span class='ocrx_word' id='word_1_30' title='bbox 215 481 280 517; x_wconf 88' lang='lat' dir='ltr'>per</span> <span class='ocrx_word' id='word_1_31' title='bbox 294 468 428 516; x_wconf 87' lang='lat' dir='ltr'>juncta</span> <span class='ocrx_word' id='word_1_32' title='bbox 447 466 543 503; x_wconf 83' lang='lat' dir='ltr'>coelo</span> <span class='ocrx_word' id='word_1_33' title='bbox 558 466 651 515; x_wconf 84' lang='lat' dir='ltr'>juga</span> <span class='ocrx_word' id='word_1_34' title='bbox 679 465 717 502; x_wconf 92' lang='lat' dir='ltr'>in</span> <span class='ocrx_word' id='word_1_35' title='bbox 751 465 866 502; x_wconf 85' lang='lat' dir='ltr'>alium</span> <span class='ocrx_word' id='word_1_36' title='bbox 895 464 1024 501; x_wconf 87' lang='lat' dir='ltr'>orbem</span> <span class='ocrx_word' id='word_1_37' title='bbox 1055 471 1239 500; x_wconf 88' lang='lat' dir='ltr'>terrarum</span> <span class='ocrx_word' id='word_1_38' title='bbox 1260 464 1395 500; x_wconf 84' lang='lat' dir='ltr'>transi-</span> 
     </span>
     <span class='ocr_line' id='line_1_6' title="bbox 78 516 1395 569; baseline -0.005 -12"><span class='ocrx_word' id='word_1_39' title='bbox 78 529 203 564; x_wconf 87' lang='lat' dir='ltr'>5rent,</span> <span class='ocrx_word' id='word_1_40' title='bbox 234 519 366 569; x_wconf 86' lang='lat' dir='ltr'>religio</span> <span class='ocrx_word' id='word_1_41' title='bbox 394 519 507 556; x_wconf 87' lang='lat' dir='ltr'>etiarn</span> <span class='ocrx_word' id='word_1_42' title='bbox 528 519 663 562; x_wconf 91' lang='lat' dir='ltr'>tenuit,</span> <span class='ocrx_word' id='word_1_43' title='bbox 697 518 796 566; x_wconf 80' lang='lat' dir='ltr'>quod</span> <span class='ocrx_word' id='word_1_44' title='bbox 817 517 969 554; x_wconf 83' lang='lat' dir='ltr'>allatum</span> <span class='ocrx_word' id='word_1_45' title='bbox 999 523 1068 560; x_wconf 89' lang='lat' dir='ltr'>est,</span> <span class='ocrx_word' id='word_1_46' title='bbox 1100 516 1265 552; x_wconf 85' lang='lat' dir='ltr'>advenas</span> <span class='ocrx_word' id='word_1_47' title='bbox 1294 528 1395 564; x_wconf 86' lang='lat' dir='ltr'>quae-</span> 
     </span>
     <span class='ocr_line' id='line_1_7' title="bbox 107 568 1395 621; baseline -0.005 -11"><span class='ocrx_word' id='word_1_48' title='bbox 107 580 232 610; x_wconf 87' lang='lat' dir='ltr'>rentes</span> <span class='ocrx_word' id='word_1_49' title='bbox 261 584 391 621; x_wconf 85' lang='lat' dir='ltr'>agrum</span> <span class='ocrx_word' id='word_1_50' title='bbox 421 572 468 608; x_wconf 88' lang='lat' dir='ltr'>ab</span> <span class='ocrx_word' id='word_1_51' title='bbox 498 571 652 619; x_wconf 87' lang='lat' dir='ltr'>Salyum</span> <span class='ocrx_word' id='word_1_52' title='bbox 691 578 805 619; x_wconf 86' lang='lat' dir='ltr'>gente</span> <span class='ocrx_word' id='word_1_53' title='bbox 833 569 1055 618; x_wconf 86' lang='lat' dir='ltr'>oppugnari.</span> <span class='ocrx_word' id='word_1_54' title='bbox 1132 568 1395 605; x_wconf 81' lang='lat' dir='ltr'>Massilienses</span> 
     </span>
     <span class='ocr_line' id='line_1_8' title="bbox 106 620 1395 671; baseline -0.004 -10"><span class='ocrx_word' id='word_1_55' title='bbox 106 632 214 662; x_wconf 84' lang='lat' dir='ltr'>erant</span> <span class='ocrx_word' id='word_1_56' title='bbox 234 625 284 668; x_wconf 90' lang='lat' dir='ltr'>hi,</span> <span class='ocrx_word' id='word_1_57' title='bbox 306 624 464 661; x_wconf 89' lang='lat' dir='ltr'>navibus</span> <span class='ocrx_word' id='word_1_58' title='bbox 484 636 505 659; x_wconf 87' lang='lat' dir='ltr'>a</span> <span class='ocrx_word' id='word_1_59' title='bbox 524 623 685 659; x_wconf 59' lang='lat' dir='ltr'>Phocaea</span> <span class='ocrx_word' id='word_1_60' title='bbox 717 622 885 671; x_wconf 84' lang='lat' dir='ltr'>profecti.</span> <span class='ocrx_word' id='word_1_61' title='bbox 943 621 988 657; x_wconf 92' lang='lat' dir='ltr'>Id</span> <span class='ocrx_word' id='word_1_62' title='bbox 1008 621 1107 658; x_wconf 90' lang='lat' dir='ltr'>Galli</span> <span class='ocrx_word' id='word_1_63' title='bbox 1129 620 1287 657; x_wconf 81' lang='lat' dir='ltr'>fortunae</span> <span class='ocrx_word' id='word_1_64' title='bbox 1317 634 1395 657; x_wconf 82' lang='lat' dir='ltr'>suae</span> 
     </span>
     <span class='ocr_line' id='line_1_9' title="bbox 105 673 1394 726; baseline -0.005 -12"><span class='ocrx_word' id='word_1_65' title='bbox 105 690 218 714; x_wconf 90' lang='lat' dir='ltr'>omen</span> <span class='ocrx_word' id='word_1_66' title='bbox 248 677 331 724; x_wconf 87' lang='lat' dir='ltr'>rati,</span> <span class='ocrx_word' id='word_1_67' title='bbox 360 675 552 726; x_wconf 72' lang='lat' dir='ltr'>adjuvere,</span> <span class='ocrx_word' id='word_1_68' title='bbox 591 682 643 720; x_wconf 90' lang='lat' dir='ltr'>ut,</span> <span class='ocrx_word' id='word_1_69' title='bbox 683 688 794 723; x_wconf 86' lang='lat' dir='ltr'>quem</span> <span class='ocrx_word' id='word_1_70' title='bbox 825 675 987 723; x_wconf 84' lang='lat' dir='ltr'>primum</span> <span class='ocrx_word' id='word_1_71' title='bbox 1017 673 1054 709; x_wconf 92' lang='lat' dir='ltr'>in</span> <span class='ocrx_word' id='word_1_72' title='bbox 1084 680 1223 709; x_wconf 88' lang='lat' dir='ltr'>terram</span> <span class='ocrx_word' id='word_1_73' title='bbox 1253 674 1394 722; x_wconf 82' lang='lat' dir='ltr'>egressi</span> 
     </span>
     <span class='ocr_line' id='line_1_10' title="bbox 105 725 1395 777; baseline -0.003 -11"><span class='ocrx_word' id='word_1_74' title='bbox 105 736 397 777; x_wconf 87' lang='lat' dir='ltr'>occupaverant,</span> <span class='ocrx_word' id='word_1_75' title='bbox 427 729 551 765; x_wconf 92' lang='lat' dir='ltr'>locum</span> <span class='ocrx_word' id='word_1_76' title='bbox 585 727 800 776; x_wconf 87' lang='lat' dir='ltr'>patentibus</span> <span class='ocrx_word' id='word_1_77' title='bbox 833 727 934 763; x_wconf 83' lang='lat' dir='ltr'>silvis</span> <span class='ocrx_word' id='word_1_78' title='bbox 966 725 1259 762; x_wconf 85' lang='lat' dir='ltr'>communirent.</span> <span class='ocrx_word' id='word_1_79' title='bbox 1316 725 1395 774; x_wconf 89' lang='lat' dir='ltr'>Ipsi</span> 
     </span>
    </p>

    <p class='ocr_par' dir='ltr' id='par_1_3' title="bbox 63 777 1397 1036">
     <span class='ocr_line' id='line_1_11' title="bbox 63 777 1396 830; baseline -0.002 -14"><span class='ocrx_word' id='word_1_80' title='bbox 63 791 93 816; x_wconf 92' lang='lat'>10</span> <span class='ocrx_word' id='word_1_81' title='bbox 108 794 172 830; x_wconf 89' lang='lat' dir='ltr'>per</span> <span class='ocrx_word' id='word_1_82' title='bbox 192 782 386 818; x_wconf 86' lang='lat' dir='ltr'>Taurinos</span> <span class='ocrx_word' id='word_1_83' title='bbox 405 781 594 828; x_wconf 84' lang='lat' dir='ltr'>saltusque</span> <span class='ocrx_word' id='word_1_84' title='bbox 615 780 734 816; x_wconf 85' lang='lat' dir='ltr'>invios</span> <span class='ocrx_word' id='word_1_85' title='bbox 762 779 879 828; x_wconf 86' lang='lat' dir='ltr'>Alpes</span> <span class='ocrx_word' id='word_1_86' title='bbox 899 779 1218 815; x_wconf 83' lang='lat' dir='ltr'>transcenderunt</span> <span class='ocrx_word' id='word_1_87' title='bbox 1236 791 1243 814; x_wconf 93' lang='lat'><strong>:</strong></span> <span class='ocrx_word' id='word_1_88' title='bbox 1288 777 1396 814; x_wconf 88' lang='lat' dir='ltr'>fusis-</span> 
     </span>
     <span class='ocr_line' id='line_1_12' title="bbox 106 830 1396 882; baseline -0.002 -12"><span class='ocrx_word' id='word_1_89' title='bbox 106 847 178 882; x_wconf 88' lang='lat' dir='ltr'>que</span> <span class='ocrx_word' id='word_1_90' title='bbox 199 834 281 870; x_wconf 90' lang='lat' dir='ltr'>acie</span> <span class='ocrx_word' id='word_1_91' title='bbox 301 833 444 870; x_wconf 87' lang='lat' dir='ltr'>Tuscis</span> <span class='ocrx_word' id='word_1_92' title='bbox 463 833 563 869; x_wconf 89' lang='lat' dir='ltr'>haud</span> <span class='ocrx_word' id='word_1_93' title='bbox 596 832 725 880; x_wconf 92' lang='lat' dir='ltr'>procul</span> <span class='ocrx_word' id='word_1_94' title='bbox 753 832 895 868; x_wconf 89' lang='lat' dir='ltr'>Ticino</span> <span class='ocrx_word' id='word_1_95' title='bbox 915 831 1083 876; x_wconf 83' lang='lat' dir='ltr'>flumine,</span> <span class='ocrx_word' id='word_1_96' title='bbox 1103 843 1232 878; x_wconf 89' lang='lat' dir='ltr'>quum,</span> <span class='ocrx_word' id='word_1_97' title='bbox 1265 830 1302 866; x_wconf 91' lang='lat' dir='ltr'>in</span> <span class='ocrx_word' id='word_1_98' title='bbox 1322 843 1396 878; x_wconf 91' lang='lat' dir='ltr'>quo</span> 
     </span>
     <span class='ocr_line' id='line_1_13' title="bbox 107 883 1397 934; baseline -0.004 -11"><span class='ocrx_word' id='word_1_99' title='bbox 107 887 371 928; x_wconf 84' lang='lat' dir='ltr'>consederant,</span> <span class='ocrx_word' id='word_1_100' title='bbox 403 897 535 934; x_wconf 86' lang='lat' dir='ltr'>agrum</span> <span class='ocrx_word' id='word_1_101' title='bbox 570 884 789 921; x_wconf 84' lang='lat' dir='ltr'>Insubrium</span> <span class='ocrx_word' id='word_1_102' title='bbox 819 883 996 932; x_wconf 87' lang='lat' dir='ltr'>appellari</span> <span class='ocrx_word' id='word_1_103' title='bbox 1031 883 1237 925; x_wconf 76' lang='lat' dir='ltr'>audissent,</span> <span class='ocrx_word' id='word_1_104' title='bbox 1259 895 1397 931; x_wconf 87' lang='lat' dir='ltr'>cogno-</span> 
     </span>
     <span class='ocr_line' id='line_1_14' title="bbox 106 936 1395 985; baseline -0.003 -11"><span class='ocrx_word' id='word_1_105' title='bbox 106 939 209 974; x_wconf 86' lang='lat' dir='ltr'>mine</span> <span class='ocrx_word' id='word_1_106' title='bbox 251 938 476 974; x_wconf 89' lang='lat' dir='ltr'>Insubribus</span> <span class='ocrx_word' id='word_1_107' title='bbox 513 949 610 985; x_wconf 88' lang='lat' dir='ltr'>pago</span> <span class='ocrx_word' id='word_1_108' title='bbox 649 937 891 980; x_wconf 81' lang='lat' dir='ltr'>AEduorum3</span> <span class='ocrx_word' id='word_1_109' title='bbox 940 936 1002 980; x_wconf 90' lang='lat' dir='ltr'>ibi,</span> <span class='ocrx_word' id='word_1_110' title='bbox 1041 948 1154 971; x_wconf 88' lang='lat' dir='ltr'>omen</span> <span class='ocrx_word' id='word_1_111' title='bbox 1195 943 1395 983; x_wconf 88' lang='lat' dir='ltr'>sequentes</span> 
     </span>
     <span class='ocr_line' id='line_1_15' title="bbox 106 987 1154 1036; baseline -0.005 -9"><span class='ocrx_word' id='word_1_112' title='bbox 106 990 192 1036; x_wconf 90' lang='lat' dir='ltr'>loci,</span> <span class='ocrx_word' id='word_1_113' title='bbox 215 989 422 1027; x_wconf 70' lang='lat' dir='ltr'>condidere</span> <span class='ocrx_word' id='word_1_114' title='bbox 443 989 598 1025; x_wconf 89' lang='lat' dir='ltr'>urbem:</span> <span class='ocrx_word' id='word_1_115' title='bbox 626 988 888 1024; x_wconf 85' lang='lat' dir='ltr'>Mediolanum</span> <span class='ocrx_word' id='word_1_116' title='bbox 910 987 1154 1036; x_wconf 62' lang='lat' dir='ltr'>appellarunt.</span> 
     </span>
    </p>
   </div>
   <div class='ocr_carea' id='block_1_3' title="bbox 60 1090 1396 2504">
    <p class='ocr_par' dir='ltr' id='par_1_4' title="bbox 62 1090 1396 1353">
     <span class='ocr_line' id='line_1_16' title="bbox 62 1090 1396 1134; baseline -0.002 -3"><span class='ocrx_word' id='word_1_117' title='bbox 62 1106 93 1131; x_wconf 87' lang='lat'>15</span> <span class='ocrx_word' id='word_1_118' title='bbox 159 1094 331 1131; x_wconf 87' lang='lat' dir='ltr'><strong>XXXV.</strong></span> <span class='ocrx_word' id='word_1_119' title='bbox 378 1093 467 1131; x_wconf 86' lang='lat' dir='ltr'>Alia</span> <span class='ocrx_word' id='word_1_120' title='bbox 503 1093 664 1129; x_wconf 90' lang='lat' dir='ltr'>subinde</span> <span class='ocrx_word' id='word_1_121' title='bbox 701 1105 834 1129; x_wconf 89' lang='lat' dir='ltr'>manus</span> <span class='ocrx_word' id='word_1_122' title='bbox 872 1091 1193 1134; x_wconf 87' lang='lat' dir='ltr'>Cenomanorum,</span> <span class='ocrx_word' id='word_1_123' title='bbox 1233 1090 1396 1128; x_wconf 81' lang='lat' dir='ltr'>Elitovio</span> 
     </span>
     <span class='ocr_line' id='line_1_17' title="bbox 104 1143 1396 1196; baseline -0.004 -12"><span class='ocrx_word' id='word_1_124' title='bbox 104 1147 216 1194; x_wconf 89' lang='lat' dir='ltr'>duce,</span> <span class='ocrx_word' id='word_1_125' title='bbox 239 1146 396 1196; x_wconf 86' lang='lat' dir='ltr'>vestigia</span> <span class='ocrx_word' id='word_1_126' title='bbox 415 1147 578 1195; x_wconf 85' lang='lat' dir='ltr'>priorum</span> <span class='ocrx_word' id='word_1_127' title='bbox 600 1152 746 1191; x_wconf 85' lang='lat' dir='ltr'>secuta,</span> <span class='ocrx_word' id='word_1_128' title='bbox 767 1145 901 1181; x_wconf 87' lang='lat' dir='ltr'>eodem</span> <span class='ocrx_word' id='word_1_129' title='bbox 925 1144 1032 1189; x_wconf 89' lang='lat' dir='ltr'>saltu,</span> <span class='ocrx_word' id='word_1_130' title='bbox 1056 1144 1203 1180; x_wconf 90' lang='lat' dir='ltr'>favente</span> <span class='ocrx_word' id='word_1_131' title='bbox 1226 1143 1396 1180; x_wconf 83' lang='lat' dir='ltr'>Bellove-</span> 
     </span>
     <span class='ocr_line' id='line_1_18' title="bbox 105 1195 1396 1248; baseline -0.005 -11"><span class='ocrx_word' id='word_1_132' title='bbox 105 1212 158 1246; x_wconf 82' lang='lat' dir='ltr'>SO‚</span> <span class='ocrx_word' id='word_1_133' title='bbox 179 1212 294 1248; x_wconf 92' lang='lat' dir='ltr'>quum</span> <span class='ocrx_word' id='word_1_134' title='bbox 315 1198 611 1236; x_wconf 83' lang='lat' dir='ltr'>transcendisset</span> <span class='ocrx_word' id='word_1_135' title='bbox 638 1198 768 1246; x_wconf 90' lang='lat' dir='ltr'>Alpes,</span> <span class='ocrx_word' id='word_1_136' title='bbox 803 1197 866 1233; x_wconf 87' lang='lat' dir='ltr'>ubi</span> <span class='ocrx_word' id='word_1_137' title='bbox 897 1209 1001 1232; x_wconf 90' lang='lat' dir='ltr'>nunc</span> <span class='ocrx_word' id='word_1_138' title='bbox 1023 1196 1149 1233; x_wconf 80' lang='lat' dir='ltr'>Brixia</span> <span class='ocrx_word' id='word_1_139' title='bbox 1169 1208 1213 1232; x_wconf 87' lang='lat' dir='ltr'>ac</span> <span class='ocrx_word' id='word_1_140' title='bbox 1243 1195 1396 1232; x_wconf 89' lang='lat' dir='ltr'>Verona</span> 
     </span>
     <span class='ocr_line' id='line_1_19' title="bbox 105 1248 1396 1300; baseline -0.004 -12"><span class='ocrx_word' id='word_1_141' title='bbox 105 1252 220 1288; x_wconf 90' lang='lat' dir='ltr'>urbes</span> <span class='ocrx_word' id='word_1_142' title='bbox 240 1258 327 1288; x_wconf 90' lang='lat' dir='ltr'>sunt</span> <span class='ocrx_word' id='word_1_143' title='bbox 348 1252 468 1300; x_wconf 91' lang='lat' dir='ltr'>(locos</span> <span class='ocrx_word' id='word_1_144' title='bbox 487 1250 646 1287; x_wconf 75' lang='lat' dir='ltr'>tenuere</span> <span class='ocrx_word' id='word_1_145' title='bbox 667 1250 812 1300; x_wconf 73' lang='lat' dir='ltr'>Libui),</span> <span class='ocrx_word' id='word_1_146' title='bbox 847 1249 1062 1286; x_wconf 91' lang='lat' dir='ltr'>considunt.</span> <span class='ocrx_word' id='word_1_147' title='bbox 1120 1248 1208 1285; x_wconf 92' lang='lat' dir='ltr'>Post</span> <span class='ocrx_word' id='word_1_148' title='bbox 1228 1248 1295 1284; x_wconf 92' lang='lat' dir='ltr'>hos</span> <span class='ocrx_word' id='word_1_149' title='bbox 1316 1248 1396 1284; x_wconf 88' lang='lat' dir='ltr'>Sal-</span> 
     </span>
     <span class='ocr_line' id='line_1_20' title="bbox 106 1300 1396 1353; baseline -0.004 -12"><span class='ocrx_word' id='word_1_150' title='bbox 106 1304 210 1348; x_wconf 88' lang='lat' dir='ltr'>luvii,</span> <span class='ocrx_word' id='word_1_151' title='bbox 231 1317 346 1353; x_wconf 88' lang='lat' dir='ltr'>prope</span> <span class='ocrx_word' id='word_1_152' title='bbox 363 1304 556 1351; x_wconf 88' lang='lat' dir='ltr'>antiquam</span> <span class='ocrx_word' id='word_1_153' title='bbox 575 1309 728 1352; x_wconf 82' lang='lat' dir='ltr'>gentem</span> <span class='ocrx_word' id='word_1_154' title='bbox 750 1302 882 1338; x_wconf 84' lang='lat' dir='ltr'>Laevos</span> <span class='ocrx_word' id='word_1_155' title='bbox 899 1301 1072 1350; x_wconf 86' lang='lat' dir='ltr'>Ligures,</span> <span class='ocrx_word' id='word_1_156' title='bbox 1094 1300 1305 1337; x_wconf 88' lang='lat' dir='ltr'>incolentes</span> <span class='ocrx_word' id='word_1_157' title='bbox 1326 1300 1396 1336; x_wconf 89' lang='lat' dir='ltr'>cir-</span> 
     </span>
    </p>

    <p class='ocr_par' dir='ltr' id='par_1_5' title="bbox 61 1353 1395 1609">
     <span class='ocr_line' id='line_1_21' title="bbox 61 1353 1394 1401; baseline -0.004 -8"><span class='ocrx_word' id='word_1_158' title='bbox 61 1366 93 1392; x_wconf 78' lang='lat'>20</span> <span class='ocrx_word' id='word_1_159' title='bbox 107 1369 153 1393; x_wconf 86' lang='lat' dir='ltr'>ca</span> <span class='ocrx_word' id='word_1_160' title='bbox 181 1356 365 1393; x_wconf 89' lang='lat' dir='ltr'>Ticinum</span> <span class='ocrx_word' id='word_1_161' title='bbox 394 1368 557 1392; x_wconf 89' lang='lat' dir='ltr'>amnem.</span> <span class='ocrx_word' id='word_1_162' title='bbox 641 1354 788 1391; x_wconf 91' lang='lat' dir='ltr'>Penino</span> <span class='ocrx_word' id='word_1_163' title='bbox 827 1354 965 1390; x_wconf 88' lang='lat' dir='ltr'>deinde</span> <span class='ocrx_word' id='word_1_164' title='bbox 1005 1353 1087 1389; x_wconf 91' lang='lat' dir='ltr'>Boii</span> <span class='ocrx_word' id='word_1_165' title='bbox 1126 1353 1394 1401; x_wconf 84' lang='lat' dir='ltr'>Lingonesque</span> 
     </span>
     <span class='ocr_line' id='line_1_22' title="bbox 106 1405 1395 1457; baseline -0.003 -13"><span class='ocrx_word' id='word_1_166' title='bbox 106 1409 345 1457; x_wconf 83' lang='lat' dir='ltr'>transgressi,</span> <span class='ocrx_word' id='word_1_167' title='bbox 365 1421 480 1457; x_wconf 91' lang='lat' dir='ltr'>quum</span> <span class='ocrx_word' id='word_1_168' title='bbox 497 1408 575 1457; x_wconf 84' lang='lat' dir='ltr'>jam</span> <span class='ocrx_word' id='word_1_169' title='bbox 596 1407 693 1444; x_wconf 87' lang='lat' dir='ltr'>inter</span> <span class='ocrx_word' id='word_1_170' title='bbox 713 1407 858 1443; x_wconf 87' lang='lat' dir='ltr'>Padum</span> <span class='ocrx_word' id='word_1_171' title='bbox 876 1413 985 1454; x_wconf 82' lang='lat' dir='ltr'>atque</span> <span class='ocrx_word' id='word_1_172' title='bbox 1007 1405 1125 1454; x_wconf 85' lang='lat' dir='ltr'>Alpes</span> <span class='ocrx_word' id='word_1_173' title='bbox 1143 1405 1272 1442; x_wconf 85' lang='lat' dir='ltr'>omnia</span> <span class='ocrx_word' id='word_1_174' title='bbox 1292 1413 1395 1441; x_wconf 86' lang='lat' dir='ltr'>tene-</span> 
     </span>
     <span class='ocr_line' id='line_1_23' title="bbox 104 1457 1395 1508; baseline -0.005 -10"><span class='ocrx_word' id='word_1_175' title='bbox 104 1466 247 1506; x_wconf 82' lang='lat' dir='ltr'>rentur,</span> <span class='ocrx_word' id='word_1_176' title='bbox 269 1461 373 1497; x_wconf 81' lang='lat' dir='ltr'>Pado</span> <span class='ocrx_word' id='word_1_177' title='bbox 392 1460 534 1497; x_wconf 88' lang='lat' dir='ltr'>ratibus</span> <span class='ocrx_word' id='word_1_178' title='bbox 553 1460 722 1508; x_wconf 86' lang='lat' dir='ltr'>trajecto,</span> <span class='ocrx_word' id='word_1_179' title='bbox 744 1472 820 1495; x_wconf 92' lang='lat' dir='ltr'>non</span> <span class='ocrx_word' id='word_1_180' title='bbox 840 1458 1022 1495; x_wconf 89' lang='lat' dir='ltr'>Etruscos</span> <span class='ocrx_word' id='word_1_181' title='bbox 1046 1457 1172 1500; x_wconf 79' lang='lat' dir='ltr'>modo,</span> <span class='ocrx_word' id='word_1_182' title='bbox 1194 1457 1259 1493; x_wconf 91' lang='lat' dir='ltr'>sed</span> <span class='ocrx_word' id='word_1_183' title='bbox 1280 1457 1395 1493; x_wconf 88' lang='lat' dir='ltr'>etiam</span> 
     </span>
     <span class='ocr_line' id='line_1_24' title="bbox 105 1511 1395 1562; baseline -0.005 -12"><span class='ocrx_word' id='word_1_184' title='bbox 105 1512 279 1559; x_wconf 89' lang='lat' dir='ltr'>Umbros,</span> <span class='ocrx_word' id='word_1_185' title='bbox 299 1525 390 1562; x_wconf 88' lang='lat' dir='ltr'>agro</span> <span class='ocrx_word' id='word_1_186' title='bbox 409 1512 578 1561; x_wconf 90' lang='lat' dir='ltr'>pellunt:</span> <span class='ocrx_word' id='word_1_187' title='bbox 626 1512 724 1548; x_wconf 85' lang='lat' dir='ltr'>intra</span> <span class='ocrx_word' id='word_1_188' title='bbox 755 1511 1002 1559; x_wconf 86' lang='lat' dir='ltr'>Apenninum</span> <span class='ocrx_word' id='word_1_189' title='bbox 1036 1517 1163 1546; x_wconf 85' lang='lat' dir='ltr'>tamen</span> <span class='ocrx_word' id='word_1_190' title='bbox 1185 1521 1266 1545; x_wconf 90' lang='lat' dir='ltr'>sese</span> <span class='ocrx_word' id='word_1_191' title='bbox 1288 1516 1395 1545; x_wconf 83' lang='lat' dir='ltr'>tenu-</span> 
     </span>
     <span class='ocr_line' id='line_1_25' title="bbox 105 1560 1394 1609; baseline -0.004 -7"><span class='ocrx_word' id='word_1_192' title='bbox 105 1564 182 1601; x_wconf 69' lang='lat' dir='ltr'>ere.</span> <span class='ocrx_word' id='word_1_193' title='bbox 210 1597 215 1601; x_wconf 88' lang='grc'><em>,</em></span> <span class='ocrx_word' id='word_1_194' title='bbox 239 1565 343 1602; x_wconf 91' lang='lat' dir='ltr'>Tum</span> <span class='ocrx_word' id='word_1_195' title='bbox 382 1565 562 1609; x_wconf 84' lang='lat' dir='ltr'>Senones,</span> <span class='ocrx_word' id='word_1_196' title='bbox 601 1563 852 1600; x_wconf 88' lang='lat' dir='ltr'>recentissimi</span> <span class='ocrx_word' id='word_1_197' title='bbox 890 1563 1134 1605; x_wconf 81' lang='lat' dir='ltr'>advenarum,</span> <span class='ocrx_word' id='word_1_198' title='bbox 1169 1561 1216 1597; x_wconf 90' lang='lat' dir='ltr'>ab</span> <span class='ocrx_word' id='word_1_199' title='bbox 1254 1560 1394 1597; x_wconf 88' lang='lat' dir='ltr'>Utente</span> 
     </span>
    </p>

    <p class='ocr_par' dir='ltr' id='par_1_6' title="bbox 61 1612 1396 1926">
     <span class='ocr_line' id='line_1_26' title="bbox 61 1612 1396 1665; baseline -0.001 -14"><span class='ocrx_word' id='word_1_200' title='bbox 61 1616 262 1654; x_wconf 77' lang='lat' dir='ltr'>25flumine</span> <span class='ocrx_word' id='word_1_201' title='bbox 282 1630 400 1665; x_wconf 88' lang='lat' dir='ltr'>usque</span> <span class='ocrx_word' id='word_1_202' title='bbox 420 1617 467 1653; x_wconf 92' lang='lat' dir='ltr'>ad</span> <span class='ocrx_word' id='word_1_203' title='bbox 496 1616 619 1653; x_wconf 90' lang='lat' dir='ltr'>AEsim</span> <span class='ocrx_word' id='word_1_204' title='bbox 639 1616 734 1652; x_wconf 90' lang='lat' dir='ltr'>fines</span> <span class='ocrx_word' id='word_1_205' title='bbox 754 1616 931 1651; x_wconf 74' lang='lat' dir='ltr'>habuere.</span> <span class='ocrx_word' id='word_1_206' title='bbox 990 1614 1104 1650; x_wconf 83' lang='lat' dir='ltr'>Hanc</span> <span class='ocrx_word' id='word_1_207' title='bbox 1129 1620 1283 1663; x_wconf 82' lang='lat' dir='ltr'>gentem</span> <span class='ocrx_word' id='word_1_208' title='bbox 1305 1612 1396 1649; x_wconf 93' lang='lat' dir='ltr'>Clu-</span> 
     </span>
     <span class='ocr_line' id='line_1_27' title="bbox 106 1666 1395 1717; baseline -0.003 -12"><span class='ocrx_word' id='word_1_209' title='bbox 106 1670 217 1715; x_wconf 89' lang='lat' dir='ltr'>sium,</span> <span class='ocrx_word' id='word_1_210' title='bbox 239 1669 478 1717; x_wconf 83' lang='lat' dir='ltr'>Romamque</span> <span class='ocrx_word' id='word_1_211' title='bbox 499 1668 600 1711; x_wconf 89' lang='lat' dir='ltr'>inde,</span> <span class='ocrx_word' id='word_1_212' title='bbox 622 1668 769 1704; x_wconf 84' lang='lat' dir='ltr'>venisse</span> <span class='ocrx_word' id='word_1_213' title='bbox 792 1666 984 1715; x_wconf 85' lang='lat' dir='ltr'>comperio</span> <span class='ocrx_word' id='word_1_214' title='bbox 1002 1679 1010 1702; x_wconf 86' lang='lat'>:</span> <span class='ocrx_word' id='word_1_215' title='bbox 1039 1667 1076 1702; x_wconf 92' lang='lat' dir='ltr'>id</span> <span class='ocrx_word' id='word_1_216' title='bbox 1096 1679 1227 1714; x_wconf 86' lang='lat' dir='ltr'>parurn</span> <span class='ocrx_word' id='word_1_217' title='bbox 1249 1672 1395 1701; x_wconf 85' lang='lat' dir='ltr'>certum</span> 
     </span>
     <span class='ocr_line' id='line_1_28' title="bbox 105 1717 1394 1768; baseline -0.003 -11"><span class='ocrx_word' id='word_1_218' title='bbox 105 1728 176 1768; x_wconf 89' lang='lat' dir='ltr'>est,</span> <span class='ocrx_word' id='word_1_219' title='bbox 197 1721 378 1764; x_wconf 88' lang='lat' dir='ltr'>solamne,</span> <span class='ocrx_word' id='word_1_220' title='bbox 400 1734 448 1757; x_wconf 82' lang='lat' dir='ltr'>an</span> <span class='ocrx_word' id='word_1_221' title='bbox 468 1721 516 1756; x_wconf 89' lang='lat' dir='ltr'>ab</span> <span class='ocrx_word' id='word_1_222' title='bbox 534 1721 711 1757; x_wconf 89' lang='lat' dir='ltr'>omnibus</span> <span class='ocrx_word' id='word_1_223' title='bbox 733 1720 1012 1767; x_wconf 86' lang='lat' dir='ltr'>Cisalpinorum</span> <span class='ocrx_word' id='word_1_224' title='bbox 1033 1719 1227 1755; x_wconf 87' lang='lat' dir='ltr'>Gallorum</span> <span class='ocrx_word' id='word_1_225' title='bbox 1247 1717 1394 1766; x_wconf 84' lang='lat' dir='ltr'>populis</span> 
     </span>
     <span class='ocr_line' id='line_1_29' title="bbox 107 1770 1394 1822; baseline -0.004 -13"><span class='ocrx_word' id='word_1_226' title='bbox 107 1773 286 1822; x_wconf 86' lang='lat' dir='ltr'>adjutam.</span> <span class='ocrx_word' id='word_1_227' title='bbox 345 1773 507 1815; x_wconf 83' lang='lat' dir='ltr'>Clusini,</span> <span class='ocrx_word' id='word_1_228' title='bbox 528 1785 624 1809; x_wconf 83' lang='lat' dir='ltr'>novo</span> <span class='ocrx_word' id='word_1_229' title='bbox 644 1772 742 1808; x_wconf 90' lang='lat' dir='ltr'>bello</span> <span class='ocrx_word' id='word_1_230' title='bbox 762 1771 941 1815; x_wconf 87' lang='lat' dir='ltr'>exterriti,</span> <span class='ocrx_word' id='word_1_231' title='bbox 961 1783 1077 1819; x_wconf 92' lang='lat' dir='ltr'>quum</span> <span class='ocrx_word' id='word_1_232' title='bbox 1100 1770 1394 1812; x_wconf 89' lang='lat' dir='ltr'>multitudinem,</span> 
     </span>
     <span class='ocr_line' id='line_1_30' title="bbox 105 1824 1395 1874; baseline -0.004 -12"><span class='ocrx_word' id='word_1_233' title='bbox 105 1838 220 1874; x_wconf 89' lang='lat' dir='ltr'>quum</span> <span class='ocrx_word' id='word_1_234' title='bbox 243 1826 379 1862; x_wconf 86' lang='lat' dir='ltr'>formas</span> <span class='ocrx_word' id='word_1_235' title='bbox 398 1825 593 1861; x_wconf 91' lang='lat' dir='ltr'>hominum</span> <span class='ocrx_word' id='word_1_236' title='bbox 617 1824 823 1861; x_wconf 84' lang='lat' dir='ltr'>invisitatas</span> <span class='ocrx_word' id='word_1_237' title='bbox 843 1831 1055 1868; x_wconf 89' lang='lat' dir='ltr'>cernerent,</span> <span class='ocrx_word' id='word_1_238' title='bbox 1077 1829 1114 1858; x_wconf 95' lang='lat' dir='ltr'>et</span> <span class='ocrx_word' id='word_1_239' title='bbox 1132 1835 1254 1870; x_wconf 88' lang='lat' dir='ltr'>genus</span> <span class='ocrx_word' id='word_1_240' title='bbox 1277 1834 1395 1858; x_wconf 86' lang='lat' dir='ltr'>armo-</span> 
     </span>
     <span class='ocr_line' id='line_1_31' title="bbox 105 1873 1394 1926; baseline -0.005 -11"><span class='ocrx_word' id='word_1_241' title='bbox 105 1891 187 1915; x_wconf 87' lang='lat' dir='ltr'>rum</span> <span class='ocrx_word' id='word_1_242' title='bbox 205 1891 215 1922; x_wconf 74' lang='grc' dir='ltr'><strong>ς</strong></span> <span class='ocrx_word' id='word_1_243' title='bbox 258 1878 518 1926; x_wconf 84' lang='lat' dir='ltr'>audirentque,</span> <span class='ocrx_word' id='word_1_244' title='bbox 540 1889 638 1925; x_wconf 85' lang='lat' dir='ltr'>saepe</span> <span class='ocrx_word' id='word_1_245' title='bbox 668 1877 714 1912; x_wconf 87' lang='lat' dir='ltr'>ab</span> <span class='ocrx_word' id='word_1_246' title='bbox 744 1877 802 1919; x_wconf 90' lang='lat' dir='ltr'>iis,</span> <span class='ocrx_word' id='word_1_247' title='bbox 823 1876 878 1912; x_wconf 92' lang='lat' dir='ltr'>cis</span> <span class='ocrx_word' id='word_1_248' title='bbox 899 1875 1043 1911; x_wconf 87' lang='lat' dir='ltr'>Padum</span> <span class='ocrx_word' id='word_1_249' title='bbox 1065 1875 1248 1922; x_wconf 84' lang='lat' dir='ltr'>ultraque,</span> <span class='ocrx_word' id='word_1_250' title='bbox 1278 1873 1394 1922; x_wconf 90' lang='lat' dir='ltr'>legio-</span> 
     </span>
    </p>

    <p class='ocr_par' dir='ltr' id='par_1_7' title="bbox 60 1925 1395 2187">
     <span class='ocr_line' id='line_1_32' title="bbox 60 1925 1393 1977; baseline -0.005 -10"><span class='ocrx_word' id='word_1_251' title='bbox 60 1941 92 1966; x_wconf 82' lang='lat'>30</span> <span class='ocrx_word' id='word_1_252' title='bbox 106 1943 173 1967; x_wconf 90' lang='lat' dir='ltr'>nes</span> <span class='ocrx_word' id='word_1_253' title='bbox 193 1930 438 1967; x_wconf 87' lang='lat' dir='ltr'>Etruscorum</span> <span class='ocrx_word' id='word_1_254' title='bbox 459 1929 572 1975; x_wconf 82' lang='lat' dir='ltr'>fusas,</span> <span class='ocrx_word' id='word_1_255' title='bbox 593 1941 818 1977; x_wconf 84' lang='lat' dir='ltr'>quamquam</span> <span class='ocrx_word' id='word_1_256' title='bbox 833 1928 1011 1964; x_wconf 84' lang='lat' dir='ltr'>adversus</span> <span class='ocrx_word' id='word_1_257' title='bbox 1032 1927 1228 1963; x_wconf 82' lang='lat' dir='ltr'>Romanos</span> <span class='ocrx_word' id='word_1_258' title='bbox 1248 1925 1393 1962; x_wconf 88' lang='lat' dir='ltr'>nullum</span> 
     </span>
     <span class='ocr_line' id='line_1_33' title="bbox 103 1979 1395 2032; baseline -0.005 -12"><span class='ocrx_word' id='word_1_259' title='bbox 103 1984 158 2020; x_wconf 90' lang='lat' dir='ltr'>eis</span> <span class='ocrx_word' id='word_1_260' title='bbox 179 1983 241 2032; x_wconf 85' lang='lat' dir='ltr'>jus</span> <span class='ocrx_word' id='word_1_261' title='bbox 269 1982 460 2020; x_wconf 89' lang='lat' dir='ltr'>societatis</span> <span class='ocrx_word' id='word_1_262' title='bbox 493 1982 716 2018; x_wconf 64' lang='lat' dir='ltr'>amicitiaeve</span> <span class='ocrx_word' id='word_1_263' title='bbox 746 1988 839 2024; x_wconf 81' lang='lat' dir='ltr'>erat,</span> <span class='ocrx_word' id='word_1_264' title='bbox 869 1980 941 2016; x_wconf 87' lang='lat' dir='ltr'>nisi</span> <span class='ocrx_word' id='word_1_265' title='bbox 970 1979 1071 2028; x_wconf 66' lang='lat' dir='ltr'>quud</span> <span class='ocrx_word' id='word_1_266' title='bbox 1102 1979 1284 2028; x_wconf 87' lang='lat' dir='ltr'>Vejentes</span> <span class='ocrx_word' id='word_1_267' title='bbox 1304 1991 1395 2014; x_wconf 88' lang='lat' dir='ltr'>con-</span> 
     </span>
     <span class='ocr_line' id='line_1_34' title="bbox 104 2031 1392 2085; baseline -0.005 -13"><span class='ocrx_word' id='word_1_268' title='bbox 104 2035 334 2085; x_wconf 85' lang='lat' dir='ltr'>sanguineos</span> <span class='ocrx_word' id='word_1_269' title='bbox 362 2035 541 2071; x_wconf 90' lang='lat' dir='ltr'>adversus</span> <span class='ocrx_word' id='word_1_270' title='bbox 569 2034 747 2084; x_wconf 92' lang='lat' dir='ltr'>populum</span> <span class='ocrx_word' id='word_1_271' title='bbox 777 2033 996 2070; x_wconf 85' lang='lat' dir='ltr'>Romanum</span> <span class='ocrx_word' id='word_1_272' title='bbox 1018 2045 1093 2068; x_wconf 91' lang='lat' dir='ltr'>non</span> <span class='ocrx_word' id='word_1_273' title='bbox 1120 2031 1392 2076; x_wconf 87' lang='lat' dir='ltr'>defendissent,</span> 
     </span>
     <span class='ocr_line' id='line_1_35' title="bbox 105 2083 1392 2136; baseline -0.003 -12"><span class='ocrx_word' id='word_1_274' title='bbox 105 2087 248 2136; x_wconf 82' lang='lat' dir='ltr'>legatos</span> <span class='ocrx_word' id='word_1_275' title='bbox 275 2088 455 2133; x_wconf 87' lang='lat' dir='ltr'>Romam,</span> <span class='ocrx_word' id='word_1_276' title='bbox 484 2087 547 2134; x_wconf 91' lang='lat' dir='ltr'>qui</span> <span class='ocrx_word' id='word_1_277' title='bbox 582 2086 763 2123; x_wconf 84' lang='lat' dir='ltr'>auxilium</span> <span class='ocrx_word' id='word_1_278' title='bbox 797 2091 844 2122; x_wconf 78' lang='lat' dir='ltr'>ab</span> <span class='ocrx_word' id='word_1_279' title='bbox 873 2092 1007 2121; x_wconf 85' lang='lat' dir='ltr'>senatu</span> <span class='ocrx_word' id='word_1_280' title='bbox 1037 2091 1222 2133; x_wconf 87' lang='lat' dir='ltr'>peterent,</span> <span class='ocrx_word' id='word_1_281' title='bbox 1244 2083 1392 2120; x_wconf 72' lang='lat' dir='ltr'>misere.</span> 
     </span>
     <span class='ocr_line' id='line_1_36' title="bbox 105 2135 1393 2187; baseline -0.005 -10"><span class='ocrx_word' id='word_1_282' title='bbox 105 2139 165 2176; x_wconf 90' lang='lat' dir='ltr'>De</span> <span class='ocrx_word' id='word_1_283' title='bbox 185 2140 325 2177; x_wconf 88' lang='lat' dir='ltr'>auxilio</span> <span class='ocrx_word' id='word_1_284' title='bbox 343 2140 436 2176; x_wconf 90' lang='lat' dir='ltr'>nihil</span> <span class='ocrx_word' id='word_1_285' title='bbox 457 2139 697 2187; x_wconf 84' lang='lat' dir='ltr'>impetratum</span> <span class='ocrx_word' id='word_1_286' title='bbox 716 2151 723 2175; x_wconf 92' lang='lat'>:</span> <span class='ocrx_word' id='word_1_287' title='bbox 766 2138 879 2187; x_wconf 87' lang='lat' dir='ltr'>legati</span> <span class='ocrx_word' id='word_1_288' title='bbox 900 2144 988 2180; x_wconf 89' lang='lat' dir='ltr'>tres,</span> <span class='ocrx_word' id='word_1_289' title='bbox 1012 2138 1060 2173; x_wconf 84' lang='lat' dir='ltr'>M.</span> <span class='ocrx_word' id='word_1_290' title='bbox 1083 2137 1192 2173; x_wconf 85' lang='lat' dir='ltr'>Fabii</span> <span class='ocrx_word' id='word_1_291' title='bbox 1214 2135 1393 2172; x_wconf 87' lang='lat' dir='ltr'>Ambusti</span> 
     </span>
    </p>

    <p class='ocr_par' dir='ltr' id='par_1_8' title="bbox 61 2189 1394 2448">
     <span class='ocr_line' id='line_1_37' title="bbox 61 2189 1394 2240; baseline -0.003 -12"><span class='ocrx_word' id='word_1_292' title='bbox 61 2191 186 2235; x_wconf 81' lang='lat' dir='ltr'>³⁵filii,</span> <span class='ocrx_word' id='word_1_293' title='bbox 208 2192 324 2238; x_wconf 86' lang='lat' dir='ltr'>missi,</span> <span class='ocrx_word' id='word_1_294' title='bbox 352 2192 415 2240; x_wconf 91' lang='lat' dir='ltr'>qui</span> <span class='ocrx_word' id='word_1_295' title='bbox 447 2192 599 2228; x_wconf 70' lang='lat' dir='ltr'>senatus</span> <span class='ocrx_word' id='word_1_296' title='bbox 627 2191 827 2240; x_wconf 90' lang='lat' dir='ltr'>populique</span> <span class='ocrx_word' id='word_1_297' title='bbox 858 2189 1024 2226; x_wconf 88' lang='lat' dir='ltr'>Romani</span> <span class='ocrx_word' id='word_1_298' title='bbox 1054 2189 1208 2226; x_wconf 92' lang='lat' dir='ltr'>nomine</span> <span class='ocrx_word' id='word_1_299' title='bbox 1238 2198 1394 2237; x_wconf 88' lang='lat' dir='ltr'>agerent</span> 
     </span>
     <span class='ocr_line' id='line_1_38' title="bbox 107 2241 1394 2292; baseline -0.003 -12"><span class='ocrx_word' id='word_1_300' title='bbox 107 2256 195 2281; x_wconf 94' lang='lat' dir='ltr'>cum</span> <span class='ocrx_word' id='word_1_301' title='bbox 224 2243 356 2287; x_wconf 89' lang='lat' dir='ltr'>Gallis,</span> <span class='ocrx_word' id='word_1_302' title='bbox 376 2257 437 2288; x_wconf 91' lang='lat' dir='ltr'>ne,</span> <span class='ocrx_word' id='word_1_303' title='bbox 468 2257 490 2280; x_wconf 91' lang='lat' dir='ltr'>a</span> <span class='ocrx_word' id='word_1_304' title='bbox 521 2243 657 2292; x_wconf 90' lang='lat' dir='ltr'>quibus</span> <span class='ocrx_word' id='word_1_305' title='bbox 677 2243 818 2280; x_wconf 88' lang='lat' dir='ltr'>nullam</span> <span class='ocrx_word' id='word_1_306' title='bbox 853 2242 1027 2291; x_wconf 85' lang='lat' dir='ltr'>injuriam</span> <span class='ocrx_word' id='word_1_307' title='bbox 1058 2241 1309 2290; x_wconf 86' lang='lat' dir='ltr'>accepissent,</span> <span class='ocrx_word' id='word_1_308' title='bbox 1337 2254 1394 2276; x_wconf 91' lang='lat' dir='ltr'>so-</span> 
     </span>
     <span class='ocr_line' id='line_1_39' title="bbox 107 2293 1394 2345; baseline -0.004 -12"><span class='ocrx_word' id='word_1_309' title='bbox 107 2297 187 2333; x_wconf 82' lang='lat' dir='ltr'>cios</span> <span class='ocrx_word' id='word_1_310' title='bbox 207 2296 333 2345; x_wconf 88' lang='lat' dir='ltr'>populi</span> <span class='ocrx_word' id='word_1_311' title='bbox 355 2296 521 2333; x_wconf 85' lang='lat' dir='ltr'>Romani</span> <span class='ocrx_word' id='word_1_312' title='bbox 554 2303 664 2344; x_wconf 88' lang='lat' dir='ltr'>atque</span> <span class='ocrx_word' id='word_1_313' title='bbox 698 2296 841 2332; x_wconf 90' lang='lat' dir='ltr'>amicos</span> <span class='ocrx_word' id='word_1_314' title='bbox 873 2301 1149 2344; x_wconf 86' lang='lat' dir='ltr'>oppugnarent.</span> <span class='ocrx_word' id='word_1_315' title='bbox 1206 2293 1394 2330; x_wconf 81' lang='lat' dir='ltr'>Romanis</span> 
     </span>
     <span class='ocr_line' id='line_1_40' title="bbox 108 2345 1393 2397; baseline -0.004 -12"><span class='ocrx_word' id='word_1_316' title='bbox 108 2362 173 2385; x_wconf 89' lang='lat' dir='ltr'>eos</span> <span class='ocrx_word' id='word_1_317' title='bbox 192 2349 290 2384; x_wconf 88' lang='lat' dir='ltr'>bello</span> <span class='ocrx_word' id='word_1_318' title='bbox 318 2361 476 2396; x_wconf 89' lang='lat' dir='ltr'>quoque,</span> <span class='ocrx_word' id='word_1_319' title='bbox 509 2348 540 2384; x_wconf 88' lang='lat' dir='ltr'>si</span> <span class='ocrx_word' id='word_1_320' title='bbox 575 2361 634 2385; x_wconf 86' lang='lat' dir='ltr'>res</span> <span class='ocrx_word' id='word_1_321' title='bbox 665 2355 789 2397; x_wconf 86' lang='lat' dir='ltr'>cogat,</span> <span class='ocrx_word' id='word_1_322' title='bbox 820 2348 982 2384; x_wconf 85' lang='lat' dir='ltr'>tuendos</span> <span class='ocrx_word' id='word_1_323' title='bbox 1014 2359 1123 2383; x_wconf 89' lang='lat' dir='ltr'>esse:</span> <span class='ocrx_word' id='word_1_324' title='bbox 1171 2346 1236 2382; x_wconf 89' lang='lat' dir='ltr'>sed</span> <span class='ocrx_word' id='word_1_325' title='bbox 1259 2345 1393 2381; x_wconf 90' lang='lat' dir='ltr'>melius</span> 
     </span>
     <span class='ocr_line' id='line_1_41' title="bbox 109 2398 1392 2448; baseline -0.004 -11"><span class='ocrx_word' id='word_1_326' title='bbox 109 2401 243 2443; x_wconf 89' lang='lat' dir='ltr'>visum,</span> <span class='ocrx_word' id='word_1_327' title='bbox 267 2400 403 2436; x_wconf 90' lang='lat' dir='ltr'>bellum</span> <span class='ocrx_word' id='word_1_328' title='bbox 425 2400 546 2448; x_wconf 90' lang='lat' dir='ltr'>ipsum</span> <span class='ocrx_word' id='word_1_329' title='bbox 580 2401 757 2444; x_wconf 85' lang='lat' dir='ltr'>amoveri,</span> <span class='ocrx_word' id='word_1_330' title='bbox 792 2400 822 2436; x_wconf 91' lang='lat' dir='ltr'>si</span> <span class='ocrx_word' id='word_1_331' title='bbox 843 2407 995 2448; x_wconf 81' lang='lat' dir='ltr'>posset3</span> <span class='ocrx_word' id='word_1_332' title='bbox 1039 2406 1076 2436; x_wconf 88' lang='lat' dir='ltr'>et</span> <span class='ocrx_word' id='word_1_333' title='bbox 1095 2398 1237 2442; x_wconf 90' lang='lat' dir='ltr'>Gallos,</span> <span class='ocrx_word' id='word_1_334' title='bbox 1258 2409 1392 2434; x_wconf 84' lang='lat' dir='ltr'>novam</span> 
     </span>
    </p>

    <p class='ocr_par' dir='ltr' id='par_1_9' title="bbox 67 2451 1016 2504">
     <span class='ocr_line' id='line_1_42' title="bbox 67 2451 1016 2504; baseline 0 -16"><span class='ocrx_word' id='word_1_335' title='bbox 67 2460 276 2504; x_wconf 71' lang='lat' dir='ltr'>mgentem,</span> <span class='ocrx_word' id='word_1_336' title='bbox 296 2465 389 2502; x_wconf 88' lang='lat' dir='ltr'>pace</span> <span class='ocrx_word' id='word_1_337' title='bbox 405 2451 527 2502; x_wconf 76' lang='lat' dir='ltr'>potius</span> <span class='ocrx_word' id='word_1_338' title='bbox 545 2453 737 2501; x_wconf 82' lang='lat' dir='ltr'>cognosci,</span> <span class='ocrx_word' id='word_1_339' title='bbox 759 2451 872 2501; x_wconf 69' lang='lat' dir='ltr'>quam</span> <span class='ocrx_word' id='word_1_340' title='bbox 892 2452 1016 2489; x_wconf 82' lang='lat' dir='ltr'>arinis.</span> 
     </span>
    </p>
   </div>
  </div>
 </body>
</html>
