1617 2765
559 177 698 208 LIBER
721 176 747 206 1.
793 185 873 206 CAP.
898 185 984 206 Lvn.
1357 174 1409 211 53

124 273 257 310 abnuit
276 283 511 322 cognomen3
549 278 603 316 ut,
624 271 693 307 sub
721 271 801 320 ejus
829 271 985 307 obtentu
1005 268 1254 318 cognominis,
1276 269 1409 305 libera-

125 333 181 362 tor
210 326 271 362 ille
300 324 426 373 populi
456 323 623 360 Romani
653 324 802 359 animus
831 323 951 359 latens¹
979 322 1212 370 opperiretur
1241 329 1410 368 tempora

125 390 202 414 sua.
278 377 315 413 Is
350 385 429 412 tum
473 376 520 412 ab
556 375 777 424 Tarquiniis
813 375 950 411 ductus
987 374 1166 422 Delphos,
1205 373 1408 409 ludibrium

124 429 266 474 verius,
302 429 415 477 quam
452 440 593 471 comes
633 440 789 464 aureum
821 427 1011 469 baculum,
1051 426 1240 462 inclusum
1270 437 1409 462 corneo

95 488 257 518 5cavato
293 481 339 517 ad
379 480 415 516 id
453 480 601 525 baculo,
633 480 762 516 tulisse
792 480 932 515 donum
964 478 1131 527 Apollini
1162 478 1313 522 dicitur,
1344 489 1409 525 per

123 533 302 582 ambages
321 533 485 582 effigiem
506 532 649 581 ingenii
681 533 750 569 sui.
806 531 899 570 Quo
929 540 1125 580 postquam
1155 538 1308 565 ventum
1338 536 1407 572 est,

122 585 300 634 perfectis
319 586 434 633 patris
466 585 667 630 mandatis,
701 585 838 633 cupido
870 584 1024 620 incessit
1056 583 1201 619 animos
1227 582 1409 630 juvenum

123 638 356 679 sciscitandi,
387 638 433 674 ad
464 649 575 685 quem
595 649 725 673 eorum
745 649 904 685 regnum
936 637 1155 672 Romanum
1193 641 1292 670 esset
1323 647 1410 670 ven-

121 695 258 726 turum.
316 689 374 725 Ex
411 690 541 726 infimo
578 702 694 738 specu
727 702 857 725 vocem
887 689 1073 725 redditam
1095 687 1241 723 ferunt:
1298 686 1410 722 “Im-

80 743 145 775 10“
162 742 307 790 perium
345 755 534 778 summum
566 742 700 778 Romae
740 741 906 787 habebit,
945 741 1008 788 qui
1048 740 1216 776 vestrum
1252 739 1408 788 primuS‚

121 795 372 843 “ojuvenes,
391 794 562 830 osculum
598 794 705 829 matri
727 794 889 829 tulerit.’'
948 792 1161 840 Tarquinii,
1183 800 1223 828 ut
1254 793 1407 834 Sextus,

121 846 183 895 qui
216 847 352 883 Romae
385 846 539 882 relictus
570 846 702 892 fuerat,
724 846 877 894 ignarus
907 845 1075 893 responsi
1104 857 1311 892 expersque
1342 844 1410 880 im-

121 899 215 947 perii
251 906 361 942 esset,
393 911 471 934 rem
509 901 654 933 summa
684 910 753 945 ope
784 898 899 933 taceri
925 897 1081 945 jubent3
1130 897 1198 944 ipsi
1229 897 1324 932 inter
1354 909 1407 939 se,

121 957 204 986 uter
239 950 348 998 prior,
378 963 492 998 quum
523 950 688 985 Romam
718 950 917 990 redissent,
950 950 1057 984 matri
1086 949 1258 984 osculum
1289 949 1408 995 daret,

78 1011 109 1036 15
122 1002 209 1039 sorti
230 1002 462 1050 permittunt.
520 1001 672 1047 Brutus,
703 1000 775 1036 alio
807 1011 908 1036 ratus
938 1008 1107 1048 spectare
1132 1000 1329 1048 Pythicam
1351 1013 1410 1036 vo-

121 1067 219 1101 cem,
249 1054 350 1090 velut
382 1054 411 1090 si
441 1053 635 1102 prolapsus
654 1053 868 1097 cecidisset,
901 1060 1039 1089 terram
1069 1053 1199 1089 osculo
1226 1053 1407 1101 contigit:

121 1107 280 1153 scilicet,
310 1105 408 1155 quod
428 1118 474 1142 ea
493 1106 707 1142 communis
737 1113 855 1142 mater
874 1106 1044 1141 omnium
1064 1104 1275 1141 mortalium
1298 1112 1407 1141 esset.

121 1159 304 1196 Reditum
325 1159 414 1195 inde
434 1159 613 1201 Romam,
636 1158 699 1194 ubi
720 1158 898 1195 adversus
915 1158 1080 1194 Rutulos
1100 1157 1238 1193 bellum
1260 1157 1410 1194 summa

120 1211 155 1248 vi
174 1211 388 1260 parabatur.

75 1320 108 1345 20
174 1316 300 1353 LVII.
330 1317 498 1353 Ardeam
519 1317 654 1354 Rutuli
683 1317 886 1360 habebant,
918 1329 1012 1365 gens
1047 1317 1102 1365 (ut
1131 1316 1169 1352 in
1190 1315 1234 1352 ea
1254 1315 1408 1365 regione

122 1375 233 1417 atque
264 1369 302 1405 in
322 1370 368 1406 ea
399 1371 526 1420 aetate)
562 1370 701 1406 divitiis
735 1370 982 1418 praepollens:
1030 1381 1148 1417 eaque
1179 1368 1259 1417 ipsa
1295 1381 1411 1404 causa

121 1421 208 1457 belli
237 1421 318 1463 fuit,
349 1421 449 1469 quod
481 1435 547 1458 rex
584 1422 784 1458 Romanus
813 1431 892 1458 tum
931 1422 1009 1469 ipse
1046 1421 1170 1467 ditari,
1204 1421 1410 1457 exhaustus

119 1473 404 1522 magnificentia
424 1474 659 1522 publicorum
680 1487 847 1522 operum,
870 1482 946 1510 tum
971 1475 1093 1522 praeda
1107 1474 1275 1509 delenire
1295 1486 1410 1521 popu-

121 1525 253 1562 larium
291 1526 437 1562 animos
475 1527 672 1569 studebat,
719 1535 852 1574 praeter
890 1527 1000 1561 aliam
1040 1526 1253 1573 superbiam
1292 1538 1410 1574 regno

75 1577 277 1614 2⁵insest0s
309 1579 436 1621 etiam,
470 1577 569 1626 quod
601 1591 640 1614 se
661 1579 698 1614 in
731 1579 918 1614 fabrorum
951 1578 1169 1614 ministeriis
1207 1590 1251 1613 ac
1285 1578 1409 1614 servili

122 1631 266 1666 tamdiu
287 1630 433 1666 habitos
448 1643 559 1678 opere
591 1631 637 1666 ab
670 1644 759 1679 rege
791 1631 1097 1678 indignabantur.
1154 1630 1322 1666 Tentata
1352 1643 1410 1666 res

125 1690 194 1725 est,
216 1682 245 1718 si
266 1682 386 1730 primo
413 1683 554 1730 impetu
584 1684 667 1731 capi
700 1684 828 1719 Ardea
849 1691 995 1730 posset:
1036 1683 1097 1718 ubi
1120 1683 1155 1718 id
1176 1695 1306 1730 parum
1328 1695 1411 1731 pro-

125 1734 251 1776 cessit,
284 1734 481 1771 obsidione
515 1735 862 1783 munitionibusque
885 1736 995 1782 empti
1018 1735 1136 1782 premi
1168 1736 1305 1771 hostes.
1364 1735 1409 1771 In

119 1786 164 1822 iis
183 1786 336 1831 stativis,
367 1794 407 1822 ut
427 1787 466 1823 fit
496 1787 609 1835 longo
639 1788 758 1835 magis
787 1788 897 1835 quim
932 1788 1009 1822 acri
1041 1787 1150 1832 bello,
1182 1787 1270 1822 satis
1301 1787 1409 1824 liberi

75 1842 353 1875 30commeatus
372 1847 502 1875 erant:
545 1840 771 1887 primoribus
795 1848 920 1875 tamen
943 1840 1062 1887 magis
1081 1840 1192 1886 quam
1215 1840 1408 1875 militibus.

120 1891 236 1940 Regii
257 1892 407 1939 quidem
425 1892 584 1940 juvenes
615 1892 802 1927 interdum
838 1892 955 1927 otium
987 1892 1168 1927 conviviis
1202 1892 1409 1928 comissati-

119 1944 328 1991 onibusque
350 1944 447 1980 inter
467 1957 507 1980 se
527 1944 700 1980 terebant
718 1957 725 1980 :
769 1944 861 1980 forte
883 1945 1098 1992 potantibus
1119 1944 1176 1980 his
1195 1945 1293 1992 apud
1316 1945 1408 1980 Sex-

118 2003 195 2032 tum
230 1996 495 2044 Tarquinium,
533 1996 597 2032 ubi
633 2004 670 2033 et
707 1997 918 2033 Collatinus
955 1997 1130 2033 coenabat
1159 1997 1406 2045 Tarquinius,

118 2047 249 2097 Egerii
280 2048 391 2095 filius,
426 2049 561 2085 incidit
598 2049 645 2084 de
685 2050 863 2085 uxoribus
892 2050 1060 2086 mentio:
1107 2062 1212 2085 suam
1251 2050 1408 2097 quisque

74 2099 271 2138 ³⁵laudare
301 2101 406 2137 miris
435 2102 581 2146 modis;
630 2102 717 2138 inde
750 2102 958 2138 certamine
993 2115 1169 2147 accenso,
1196 2102 1408 2138 Collatinus

120 2160 244 2200 negat,
281 2154 441 2190 “verbis
476 2167 570 2202 opus
603 2167 711 2190 esse:
758 2155 888 2202 paucis
921 2154 956 2190 id
988 2154 1138 2202 quidem
1171 2155 1269 2190 horis
1300 2167 1407 2203 posse

121 2205 264 2250 “sciri,
302 2205 480 2253 quantiim
513 2207 661 2242 caeteris
691 2215 840 2255 praestet
874 2207 1055 2242 Lucretia
1084 2220 1161 2243 sua.
1217 2207 1341 2250 Quin,
1377 2207 1407 2244 si

119 2257 265 2305 “vigor
291 2257 455 2305 juventae
493 2259 604 2301 inest,
635 2260 931 2295 conscendimus
968 2272 1097 2307 equos,
1137 2259 1407 2308 invisimusque

120 2311 144 2330 ‘⁶
162 2316 366 2357 praesentes
385 2318 593 2347 nostrarum
617 2311 801 2360 ingenia?
859 2311 900 2347 Id
933 2312 1068 2360 cuique
1089 2312 1407 2360 spectatissimum

74 2363 142 2388 40«
162 2361 221 2404 sit,
243 2361 357 2409 quod,
378 2363 603 2410 necopinato
620 2364 686 2400 viri
709 2365 885 2403 adventu,
903 2365 1110 2400 occurrerit
1129 2364 1287 2400 oculis.'’
1346 2364 1408 2400 In·

119 2414 315 2450 caluerant
335 2413 433 2449 vino.
491 2417 513 2436 “
533 2417 617 2463 Age
638 2416 771 2462 sane‚·''
804 2430 959 2453 omnes:
990 2417 1114 2452 citatis
1134 2417 1238 2464 equis
1260 2417 1407 2452 avolant

120 2465 297 2503 Romam.
371 2464 462 2504 Qud
491 2478 620 2538 quussn,
649 2469 780 2516 primis
826 2482 865 2505 se
904 2469 1189 2505 intendentibus
1227 2467 1404 2511 tenebris,

535 2531 560 2554 ο
