1617 2765
437 493 585 531 LIBRI
615 493 908 531 TRICESIMI
935 492 1156 534 QUARTI

645 650 741 681 CAP.
766 651 780 681 1
793 668 835 674 —
847 651 940 682 VIII.

454 931 620 953 EPITOME
646 931 752 953 LIBRI
778 931 966 954 'rmczsnvn
989 930 1144 958 QUAR'rx.

194 1026 217 1046 1.
241 1026 281 1053 11,
299 1017 359 1048 διε,
385 1016 461 1047 L1-:x
479 1016 591 1056 Oppia,
608 1025 699 1056 quam
717 1016 752 1047 C.
776 1017 900 1056 Oppius
917 1017 1049 1046 tribunus
1065 1016 1160 1055 plebis
1177 1016 1258 1046 bello
1270 1016 1388 1047 Punico
1399 1018 1438 1048 de

153 1057 298 1088 finiendis
321 1063 530 1088 matronarum
562 1058 696 1088 cultibus
727 1059 851 1094 tulerat,
883 1068 956 1088 curn
983 1054 1100 1098 magna
1123 1059 1326 1088 contentione
1349 1059 1436 1089 abro-

175 1104 224 1130 ata
247 1104 296 1129 est
313 1110 321 1137 3
359 1109 456 1138 quum
481 1100 610 1130 Porcius
635 1099 715 1130 Cato
738 1104 847 1129 auctor
869 1100 992 1134 suisset,
1023 1109 1064 1129 ne
1098 1109 1136 1129 ea
1168 1099 1220 1129 lex
1250 1100 1438 1130 aboleretur.

167 1148 189 1171 s,
203 1139 229 1164 in
243 1139 403 1171 Hispaniam
416 1139 559 1171 profectus,
572 1140 651 1170 bello,
667 1140 736 1171 quod
750 1139 884 1171 Emporiis
896 1146 972 1164 orsus
986 1144 1038 1170 est,
1050 1139 1203 1164 citeriorem
1222 1139 1381 1171 Hispaniam
1393 1148 1440 1172 pa-

151 1172 232 1197 cavit.
268 1172 303 1196 T.
316 1172 448 1198 Quintius
461 1172 628 1197 Flamininus
642 1171 741 1196 bellurn
762 1173 888 1196 adversus
907 1171 1122 1196 Lacedaemonios
1142 1175 1170 1196 et
1187 1176 1328 1203 tyrannum
1347 1180 1439 1197 eorum

150 1204 285 1229 Nabidem
298 1204 422 1236 prospere
434 1208 551 1236 gestum,
565 1205 628 1229 dat-³.
640 1204 673 1228 iis
687 1212 764 1236 pace,
785 1204 889 1236 qualem
911 1204 966 1235 ipse
988 1204 1085 1235 voluit,
1098 1203 1271 1236 liberatisque
1285 1204 1376 1236 Argis,
1393 1205 1439 1237 qui

151 1236 200 1261 sub
211 1236 314 1261 ditione
326 1236 432 1269 tyranni
445 1241 533 1267 erant,
544 1237 638 1261 finivit.
673 1237 788 1262 Senatus
801 1241 864 1262 tunc
876 1236 992 1268 primurn
1005 1240 1125 1261 secretus
1138 1243 1154 1260 a.
1165 1237 1264 1268 populo
1275 1236 1352 1261 ludos
1365 1244 1441 1268 spec-

151 1269 221 1294 tavit
232 1277 239 1300 ;
258 1273 288 1294 ut
300 1269 327 1294 id
340 1269 425 1301 fieret,
438 1269 504 1294 Sex.
516 1269 606 1294 AElius
619 1269 704 1294 Paetus
717 1274 746 1294 et
757 1270 790 1294 C.
799 1270 937 1294 Cornelius
948 1269 1083 1301 Cethegus
1096 1276 1217 1294 censores
1228 1269 1440 1301 intervenerunt,

151 1309 212 1327 curn
224 1301 407 1334 indignatione
420 1302 516 1333 plebis.
552 1302 670 1327 Coloniae
682 1302 810 1334 pleraeque
823 1302 942 1327 deductas
953 1306 1024 1327 sunt.
1062 1301 1101 1325 M.
1115 1301 1225 1326 Poreius
1238 1302 1309 1327 Cato
1328 1302 1360 1326 de
1378 1301 1441 1327 His-

151 1333 232 1366 pania
244 1334 430 1365 triumphavit.
466 1334 519 1359 Res
532 1339 658 1366 praeterea
671 1334 698 1359 in
712 1335 856 1366 Hispania,
869 1338 897 1359 et
909 1335 1037 1359 adversus
1055 1334 1136 1366 Bojos
1154 1337 1183 1359 et
1194 1334 1320 1359 Insubres
1335 1334 1439 1366 Gallos,

152 1366 266 1391 feliciter
294 1371 358 1391 estae
378 1366 538 1392 referuntur.
574 1367 608 1392 T.
630 1367 761 1393 Quintius
780 1367 959 1399 Flamininus,
979 1367 1024 1398 qui
1044 1366 1197 1398 Philippum
1210 1367 1388 1392 Macedonum
1400 1375 1441 1392 re-

151 1406 212 1431 gem
224 1403 251 1423 et
264 1375 396 1424 ffabidem
409 1399 668 1424 Lacedaemoniorum
681 1404 824 1432 tyrannum
834 1399 947 1431 vicerat,
956 1399 1140 1431 Graeciamque
1153 1407 1257 1424 omnem
1270 1399 1439 1432 liberaverat,

152 1431 186 1456 ob
198 1431 268 1456 hane
281 1440 370 1457 rerum
382 1436 518 1464 gestarum
541 1432 742 1457 multitudinem
754 1433 844 1457 triduo
856 1431 1043 1463 triumphavit.
1073 1431 1170 1463 Legati
1178 1431 1440 1464 Carthaginiensium

152 1464 356 1496 nuntiaverunt,
379 1465 571 1496 Hannibalem,
589 1464 634 1497 qui
653 1465 687 1489 ad
705 1465 873 1490 Antiochum
900 1464 1068 1496 confugerat,
1088 1464 1187 1489 bellum
1210 1472 1271 1489 cum
1291 1472 1324 1489 eo
1341 1464 1438 1489 moliri.

152 1495 318 1521 Tentaverat
327 1501 419 1522 autem
433 1497 569 1522 Hannibal
582 1505 627 1528 per
639 1497 792 1522 Aristonem
805 1497 928 1529 Tyrium,
938 1497 994 1522 sine
1015 1496 1102 1521 literis
1114 1496 1305 1528 Carthaginem
1318 1496 1429 1521 missum

153 1528 186 1554 ad
199 1529 384 1555 rebellandum
397 1530 490 1554 Poenos
505 1530 652 1555 concitare.
684 1530 764 1563 [Car.
778 1538 788 1555 1
798 1543 831 1548 —
840 1537 916 1555 mxu.
935 1537 964 1555 u.
976 1537 1004 1554 c.
1014 1529 1168 1554 557—559.
1187 1537 1214 1554 A.
1226 1537 1253 1554 c.
1267 1529 1314 1554 195
1324 1542 1357 1547 —
1367 1514 1439 1561 19:21

205 1745 236 1782 Ι.
284 1745 415 1783 INTER
435 1746 616 1784 bellorum
636 1759 874 1796 magnorum,
894 1752 960 1784 aut
978 1745 1131 1784 vixdum
1151 1746 1356 1794 finitorum,
1376 1752 1484 1802 autg-

152 1798 447 1846 imminentium,
481 1812 605 1843 curas,
636 1799 850 1836 intercessit
878 1812 938 1836 res
970 1811 1084 1848 parva
1114 1799 1232 1843 dictu,
1262 1799 1329 1836 sed
1357 1805 1477 1854 quae}

152 1851 285 1887 studiis
306 1851 343 1888 in
366 1863 545 1900 magnum
567 1859 760 1888 certamen
786 1851 1003 1889 excesserit.
1060 1851 1115 1888 M.
1151 1851 1375 1888 Fundanius
1401 1858 1439 1887 et
1459 1865 1484 1898 g·

151 1901 196 1938 L.
230 1903 419 1946 Valerius,
450 1904 591 1940 tribuni
620 1904 758 1952 plebei,
790 1904 836 1940 ad
865 1904 1014 1952 plebem
1043 1904 1211 1940 tulerunt
1237 1903 1284 1939 de
1313 1902 1437 1951 Oppia
1459 1898 1483 1923 ³

151 1953 235 2003 lege
269 1955 499 2003 abroganda.
555 1955 716 1992 Tulerat
744 1967 829 1991 eam
862 1955 908 1991 C.
929 1955 1077 2004 Oppius
1102 1955 1276 1991 tribunus
1304 1954 1437 2003 plebis,
1458 1959 1475 1985 ἓ

144 2005 204 2045 Q„
225 2006 357 2050 Fabio,
379 2006 441 2044 Ti.
463 2007 687 2055 Sempronio
706 2006 939 2050 consulibus,
973 2007 1009 2043 in
1031 2007 1155 2043 medio
1175 2007 1305 2043 ardore
1326 2007 1439 2043 Puni-
1458 2000 1483 2053 Ξ

151 2058 188 2095 oi
225 2058 327 2103 belli,
363 2058 467 2095 “Ne
500 2071 574 2107 qua
603 2059 738 2095 mulier
767 2059 850 2107 plus
878 2060 1113 2096 semunciam
1142 2060 1222 2095 auri
1252 2059 1407 2095 haberet
1428 2056 1484 2111 εξ

152 2112 265 2147 “neu
286 2111 509 2148 vestimento
542 2111 756 2148 versicolori
778 2118 966 2148 uteretur:
1008 2124 1083 2148 neu
1100 2111 1234 2160 juncto
1262 2111 1437 2148 vehiculo

151 2163 227 2199 “in
247 2163 349 2200 Urbe
377 2164 574 2212 oppidove,
595 2170 659 2200 aut
678 2163 826 2212 propius
859 2163 947 2199 inde
975 2164 1077 2200 mille
1106 2176 1248 2212 passus,
1279 2163 1350 2200 nisi
1379 2175 1437 2200 sa-

151 2216 338 2252 “crorum
366 2215 604 2264 publicorum
638 2217 769 2264 causa,
805 2215 1043 2252 veheretur.”
1117 2216 1170 2253 M.
1201 2224 1239 2253 et
1268 2216 1308 2252 P.
1329 2215 1435 2253 Junii
1451 2221 1482 2248 1⁰

152 2267 273 2310 Bruti,
307 2267 448 2304 tribuni
485 2268 616 2316 plebis,
654 2268 777 2317 legem
813 2267 977 2316 Oppiam
1005 2269 1220 2312 tuebantur,
1251 2281 1323 2305 nec
1351 2280 1435 2305 eam

152 2332 192 2356 se
222 2319 393 2369 abrogari
421 2332 595 2367 passuros
625 2320 786 2356 aiebant.
859 2320 920 2356 Ad
950 2321 1185 2358 suadendum
1214 2321 1436 2358 dissuaden-

152 2371 317 2419 dumque
338 2371 445 2408 multi
476 2372 621 2408 nobiles
650 2372 861 2421 prodibant.
918 2373 1146 2422 Capitolium
1179 2374 1289 2410 turba
1320 2372 1437 2410 homi-

152 2436 245 2460 num
265 2423 469 2460 faventium
491 2424 844 2472 adversantiumque
873 2424 947 2474 legi
968 2426 1237 2475 complebatur.
1294 2424 1435 2462 Matro-

153 2488 212 2514 nae
232 2476 331 2514 nulla
354 2488 426 2514 nec
446 2476 683 2521 auctoritate,
717 2489 792 2514 nec
811 2478 1054 2522 verecundia,
1076 2491 1149 2516 nec
1170 2477 1326 2527 imperio
1341 2476 1434 2514 viro·
1449 2489 1480 2515 15
