1617 2765
134 195 212 233 204
679 194 770 225 T1T1
794 194 905 225 lelt

136 291 349 338 “1gnorare
378 290 509 339 patiar.
567 290 692 338 Atque
713 290 856 326 utinam
879 290 975 336 haec,
1005 302 1087 338 quae
1118 290 1216 339 apud
1238 302 1301 327 vos
1321 296 1426 327 actu·

137 343 237 378 “rus
257 355 353 389 sum,
374 342 530 379 Canusii
551 343 650 391 apud
670 355 793 391 ipsum
823 342 1035 379 exercitum
1056 355 1221 392 agerem,
1241 342 1424 391 optimum

136 396 309 431 “testem
330 395 489 443 ignaviae
519 395 702 444 cujusque
732 402 770 431 et
798 395 969 431 virtutis:
1008 402 1072 431 aut
1091 408 1188 431 unus
1208 394 1271 431 hic
1292 395 1424 431 saltem

136 447 324 484 “adesset
345 448 385 484 P.
405 448 664 496 Sempronius,
685 460 795 495 quem
827 447 857 483 si
893 447 953 483 isti
986 447 1122 484 ducem
1143 447 1264 483 secuti
1284 455 1424 490 essent,

136 500 312 536 “milites
332 500 443 536 hodie
465 500 503 536 in
520 500 653 536 castris
672 499 870 546 Romanis,
885 513 960 536 non
977 500 1115 548 captivi
1133 500 1170 536 in
1184 499 1347 535 hostium
1363 512 1427 547 po·
1456 511 1472 536 5

136 554 307 588 “testate
321 560 447 588 essent
462 553 469 589 l
492 553 569 588 Sed
578 565 707 600 quum,
723 552 830 588 fessis
841 553 1047 601 pugnando
1062 552 1244 595 hostibus,
1258 559 1337 587 tum
1353 552 1428 588 vic-

137 608 160 628 “
174 604 269 641 toria
289 605 397 651 laetis,
418 611 455 641 et
476 604 564 653 ipsis
581 604 767 652 plerisque
780 605 961 653 regressis
974 605 1012 641 in
1033 612 1156 641 castra
1172 616 1252 646 sua,
1274 611 1427 640 noctem

136 657 221 692 “ad
241 657 517 706 erumpendum
538 656 696 692 liberam
718 656 951 703 habuissent,
977 664 1015 693 et
1034 662 1178 706 septem
1199 663 1428 693 armatorum

136 709 371 745 “hominum
389 709 505 745 millia
525 720 765 757 perrumpere
799 709 913 745 etiarn
933 709 1122 745 confertos
1142 709 1268 746 hostes
1288 709 1428 757 potuis-

138 766 161 787 ‘4
175 768 285 805 sent3
317 774 438 810 neque
456 774 520 809 per
541 774 580 797 se
602 760 671 810 ipsi
693 760 730 796 id
751 760 876 796 facere
897 761 1023 797 conati
1044 768 1144 804 sunt,
1168 774 1291 809 neque
1312 761 1426 797 alium
1446 773 1474 797 10

136 814 280 861 “sequi
298 814 508 850 voluerunt.
538 813 663 850 Nocte
677 813 789 861 prope
804 813 881 849 tota
894 812 935 849 P.
949 813 1197 861 Sempronius
1209 813 1429 850 Tuditanus

136 870 162 891 ί(
178 878 253 902 non
275 866 418 902 destitit
438 878 606 912 monere,
627 865 816 902 adhortari
850 878 929 912 eOS,
961 865 1051 902 dum
1071 865 1243 914 paucitas
1263 865 1428 902 hostium

137 915 278 954 “circa
298 925 433 962 castra,
455 919 545 954 dum
574 918 682 966 quies
715 930 760 954 ac
790 917 982 954 silentium
1015 925 1129 961 esset,
1164 918 1254 954 dum
1281 931 1355 955 nox
1375 918 1430 955 in-

137 967 328 1019 “ceptum
349 978 507 1020 tegeret,
528 983 568 1007 se
588 971 725 1007 ducem
756 977 1026 1018 sequerentur:
1074 977 1160 1007 ante
1190 970 1316 1007 lucem
1346 983 1429 1020 per-

138 1021 162 1044 “
177 1023 305 1059 venire
325 1023 363 1059 in
385 1030 465 1059 tuta
484 1023 581 1070 loca,
611 1023 648 1059 in
679 1022 867 1059 sociorum
889 1022 1013 1065 urbes,
1034 1035 1156 1071 posse.
1214 1023 1324 1059 Sicut
1343 1035 1427 1060 avo·
1443 1035 1473 1060 15

137 1074 260 1111 “rum
293 1075 473 1112 memoria
505 1075 546 1111 Ρ.
581 1075 739 1118 Decius,
778 1074 952 1111 tribunus
984 1075 1147 1111 militum
1176 1075 1214 1112 in
1246 1076 1426 1120 Samni03

137 1127 160 1149 “
175 1127 287 1174 sicut,
308 1128 417 1164 nobis
443 1127 759 1172 adolescentibus,
794 1127 915 1175 priore
947 1127 1094 1164 Punico
1128 1127 1239 1174 bello,
1269 1128 1428 1176 Calpur-

137 1180 161 1202 “
175 1180 261 1215 nius
281 1179 454 1216 Flamma
474 1179 654 1216 trecentis
676 1179 908 1225 voluntariis,
939 1192 1054 1227 quum
1076 1179 1123 1215 ad
1156 1180 1343 1216 tumulum
1363 1192 1428 1217 eos

137 1233 161 1255 ‘⁴
175 1232 417 1280 capiendum,
457 1231 569 1267 situm
608 1232 705 1268 inter
744 1231 889 1268 medios
930 1232 1068 1274 hostes,
1112 1231 1280 1278 duceret,
1321 1232 1427 1278 dixit,

136 1285 161 1307 “
175 1286 184 1305 ‘
199 1283 420 1329 Moriamur,
441 1283 592 1331 milites,
613 1291 650 1320 et
670 1291 788 1320 morte
822 1285 947 1320 nostra
973 1284 1179 1332 eripiamus
1198 1296 1245 1320 ex
1265 1284 1473 1321 obsidio-20

136 1338 246 1373 “‘ne
267 1337 548 1373 circumventas
580 1336 751 1385 legiones
767 1349 775 1380 3
792 1336 801 1352 ’
841 1336 872 1372 si
904 1337 976 1373 hoc
997 1336 1037 1373 P.
1060 1337 1307 1385 Sempronius
1326 1337 1429 1374 dice-

137 1392 160 1414 “
174 1397 254 1435 ret3
285 1402 357 1425 nec
378 1389 474 1426 viros
493 1389 657 1447 quidem,
680 1401 752 1425 nec
772 1388 971 1426 Romanos
991 1402 1055 1426 vos
1075 1389 1245 1432 duceret,
1265 1389 1296 1426 si
1317 1402 1429 1427 nemo

138 1445 161 1467 ‘⁴
175 1449 290 1479 tantae
324 1442 469 1478 virtutis
501 1441 707 1478 exstitisset
740 1454 880 1478 comeS.
938 1442 1051 1478 Viam
1088 1455 1164 1478 non
1194 1442 1241 1478 ad
1269 1442 1428 1491 gloriam

137 1498 162 1519 “
177 1495 307 1543 magis,
329 1507 390 1542 qu·
382 1507 438 1530 xm
461 1494 507 1530 ad
541 1494 713 1540 salutem,
746 1493 929 1530 serentem
959 1494 1218 1530 demonstrat·
1210 1521 1220 1538 ‚
1267 1494 1428 1531 reduces

137 1538 214 1583 “in
235 1547 406 1604 patriam,
429 1547 475 1582 ad
496 1554 682 1594 parentes,
704 1546 750 1582 ad
771 1546 954 1595 conjuges
984 1559 1029 1582 ac
1060 1546 1198 1583 liberos
1218 1546 1320 1583 facit.
1378 1546 1472 1583 Ut0·

137 1590 162 1611 “
153 1599 392 1664 feriemini,
412 1599 518 1635 deest
547 1598 651 1634 vobis
681 1598 858 1634 animus?
901 1598 1004 1646 quid,
1034 1598 1064 1634 si
1094 1599 1331 1635 moriendum
1361 1611 1427 1647 pro

138 1643 295 1717 Zpatria
314 1658 425 1696 esset,
447 1650 623 1687 faceretis
641 1652 654 1686 Ἰ
711 1650 1005 1699 Quinquaginta
1025 1651 1142 1687 millia
1171 1650 1312 1687 civium
1332 1651 1428 1688 soci-

138 1696 358 1770 gorumque
379 1703 482 1739 circa
502 1716 566 1740 vos
584 1716 630 1739 eo
651 1703 730 1751 ipso
750 1703 811 1739 die
831 1715 930 1739 caesa
945 1703 1101 1752 jacent:
1131 1703 1162 1739 si
1182 1710 1236 1740 tot
1254 1703 1428 1752 exempla

138 1749 324 1792 “virtutis
344 1768 420 1792 non
450 1762 614 1801 movent,
636 1755 730 1791 nihil
751 1768 917 1803 unquam
952 1755 1138 1792 movebit.
1182 1755 1213 1792 si
1233 1763 1339 1792 tanta
1353 1756 1429 1792 cla-

138 1802 243 1844 “des
264 1808 374 1844 vilem
397 1807 509 1844 vitam
529 1821 604 1844 non
636 1808 739 1854 fecit,
769 1808 874 1844 nulla
900 1807 1024 1844 faciet
1082 1807 1210 1844 Liberi
1241 1815 1351 1856 atque
1371 1808 1427 1844 in-
1440 1819 1472 1844 :30

138 1855 345 1897 “columes
366 1860 578 1896 desiderate
599 1860 784 1909 patriam:
814 1860 930 1897 immo
950 1860 1176 1903 desiderate,
1198 1860 1287 1896 dum
1309 1860 1428 1908 patria

138 1907 243 1957 “,est
266 1912 354 1947 dum
377 1912 479 1948 cives
499 1913 581 1960 ejus
600 1912 715 1948 estis:
745 1911 828 1948 sero
848 1925 952 1948 nunc
981 1912 1218 1955 desideratis,
1240 1912 1427 1949 deminuti

137 1960 314 2013 “capite,
335 1964 567 2000 abalienati
555 1976 638 2013 Jure
658 1963 812 2009 civium,
839 1964 935 1999 servi
957 1963 1330 2012 Carthaginiensium
1352 1965 1428 2001 sac-

139 2013 163 2034 “
177 2017 216 2054 ti.
273 2016 399 2053 Pretio
420 2016 575 2053 redituri
595 2015 685 2052 estis
702 2013 762 2058 θό,
782 2016 884 2051 unde
905 2015 1057 2064 ignavia
1077 2028 1122 2052 ac
1142 2016 1310 2064 nequitia
1331 2017 1427 2053 abis-

139 2066 162 2087 “
176 2069 251 2107 tis'!
309 2068 349 2106 P.
371 2068 652 2117 Sempronium,
673 2068 794 2104 civem
815 2075 993 2111 vestrum,
1025 2081 1101 2105 non
1132 2069 1301 2114 audistis,
1324 2081 1472 2106 arma35

138 2119 313 2170 “capere
334 2134 378 2157 ac
399 2121 505 2169 sequi
525 2133 565 2157 se
581 2120 778 2169 jubentem
797 2132 804 2156 :
853 2120 1111 2157 Hannibalem
1132 2120 1214 2170 post
1232 2122 1344 2170 paulo
1364 2135 1427 2158 au-

139 2172 164 2192 “
178 2174 296 2216 distis,
317 2181 441 2209 castra
467 2173 572 2222 prodi
605 2180 642 2209 et
675 2185 779 2209 arma
811 2173 906 2208 tradi
935 2172 1146 2221 jubentem.
1202 2173 1334 2213 Quam
1355 2187 1427 2223 ego

139 2224 367 2274 “ignaviam
389 2225 542 2262 istorum
565 2238 717 2268 accuso,
749 2237 864 2273 quum
898 2225 1022 2261 scelus
1051 2226 1189 2274 possim
1211 2239 1391 2263 accusare
1410 2229 1424 2263 'l

139 2276 266 2315 “Non
287 2277 388 2313 enim
410 2277 521 2314 modo
541 2277 646 2326 sequi
667 2277 891 2314 recusarunt
911 2278 1007 2314 bene
1028 2285 1260 2322 monentem,
1276 2279 1343 2315 sed
1362 2279 1427 2316 ob·

140 2330 307 2366 “sistere
327 2342 372 2365 ac
392 2329 554 2366 retinere
575 2329 701 2366 conati
721 2336 820 2372 sunt,
843 2329 880 2365 ni
903 2330 1041 2366 strictis
1060 2330 1197 2379 gladiis
1217 2331 1283 2368 viri
1305 2331 1424 2368 fortis-
1437 2343 1470 2367 40

140 2382 262 2419 “simi
284 2382 424 2418 inertes
443 2382 730 2418 submovissent.
789 2382 914 2427 Prius,
947 2383 1114 2431 inquam,
1137 2383 1177 2420 P.
1200 2384 1425 2432 Sempronio

140 2436 243 2483 “per
263 2434 400 2470 civium
422 2446 572 2482 agmen,
593 2434 705 2482 quam
729 2447 794 2483 per
829 2434 1005 2481 hostium,
1037 2435 1106 2472 fuit
1134 2436 1425 2484 erumpendum.

140 2487 260 2524 “Hos
278 2486 381 2523 cives
399 2486 519 2535 patria
537 2486 755 2523 desideret?
797 2500 955 2535 quorum
976 2488 1006 2524 si
1026 2488 1153 2525 caeteri
1173 2488 1315 2525 similes
1335 2487 1424 2524 fuis-
