1617 2765
581 193 719 224 LIBER
742 191 799 222 VI.
827 199 908 223 cAP.
925 200 1032 221 xvm.
1361 193 1429 231 141

147 289 203 327 sci
223 289 382 327 crimine
414 286 515 333 belli,
549 286 790 344 captivosque
819 284 1090 334 repetentibu5‚
1110 290 1152 320 ut
1179 284 1257 320 suis
1285 284 1433 332 legibus

147 342 185 378 in
214 354 278 378 eos
308 340 662 397 animadverterent,
697 338 816 374 tristia
844 349 1024 394 responsa
1051 336 1223 379 reddita3
1271 336 1434 373 tristiora

148 394 303 436 colonis,
333 392 432 441 qued
469 391 571 427 cives
604 390 772 427 Romani
808 389 937 438 patriae
974 388 1238 437 oppugnandae
1268 388 1433 425 nefanda

148 445 307 482 consilia
326 445 499 481 inissent.
555 442 644 479 Non
665 449 845 491 negatum
866 441 990 488 itaque
1011 440 1161 476 tantum
1182 440 1229 476 de
1250 439 1431 488 captivis;

119 510 134 534 5
148 498 214 534 sed
235 497 292 546 (in
313 509 386 545 quo
423 496 470 532 ab
485 495 597 532 sociis
614 502 739 531 tamen
757 493 1077 542 temperaverant)
1095 491 1361 528 denuntiatum
1377 505 1434 528 se-

148 550 256 586 natus
293 549 428 594 verbis,
460 548 690 584 facesserent
726 559 883 595 propere
913 557 961 581 ex
997 544 1111 592 Urbe,
1155 544 1202 581 ab
1229 556 1294 581 ore
1323 551 1434 592 atque

147 602 268 639 oculis
287 600 413 650 populi
435 599 614 643 Romani,
635 611 683 635 ne
717 599 811 635 nihil
840 611 905 635 eos
933 575 1133 646 legationis
1158 596 1233 646 jus,
1263 603 1432 640 externo,

149 666 223 691 non
244 653 331 698 civi,
352 659 624 702 comparatum,
644 658 800 700 tegeret.

102 773 133 783 Ρ
201 757 356 795 XVIII.
403 757 720 794 Recrudescente
757 755 953 793 Manliana
992 754 1191 802 seditione,
1232 754 1303 791 sub
1331 754 1435 792 exitu

103 829 128 863 “i
149 811 239 847 anni
268 810 422 847 comitia
457 809 596 854 habita,
634 809 825 857 creatique
862 808 1003 845 tribuni
1042 785 1203 844 militum
1245 807 1434 844 consulari

111 868 332 925 :potestate
352 875 399 899 ex
432 862 606 899 Patribus
626 862 707 898 Ser.
729 860 930 898 Cornelius
963 859 1243 908 Maluginensis
1267 858 1433 903 tertium,

113 909 191 951 “P.
213 915 387 951 Valerius
407 914 552 951 Potitus
571 913 719 959 iterum,
751 914 803 950 M.
822 912 962 949 Furius
981 912 1177 958 Camillus,
1209 912 1290 948 Ser.
1312 912 1436 960 Sulpi-

104 968 129 1013 ξ
150 967 232 1004 cius
252 967 379 1003 Rufus
408 967 556 1009 iterum,
594 965 638 1002 C.
659 965 831 1013 Papirius
850 965 1023 1022 Crassus,
1055 963 1104 1002 T.
1122 963 1309 1002 Quintius
1344 964 1436 1000 Cin-

111 1026 129 1054 ὁ
149 1019 326 1055 cinnatus
344 1017 572 1054 secundnm.
629 1017 749 1066 Cujus
782 1016 969 1065 principio
1002 1015 1092 1051 anni
1125 1022 1164 1051 et
1192 1016 1366 1052 Patribus
1398 1023 1436 1052 et

103 1068 248 1120 iplebi
268 1070 540 1120 peropportune
561 1076 720 1106 externa
739 1082 812 1118 pax
831 1069 942 1112 data3
979 1067 1093 1116 plebi,
1114 1067 1229 1116 quod,
1254 1080 1331 1104 non
1351 1080 1436 1105 avo-

149 1131 234 1160 cata
253 1123 417 1169 delectu,
438 1135 542 1171 spem
563 1122 677 1171 cepit,
690 1122 780 1158 dum
797 1128 874 1157 tam
893 1127 1086 1169 potentem
1107 1120 1264 1156 haberet
1282 1120 1434 1167 ducem,

150 1175 303 1212 soenoris
322 1174 588 1224 expugnandi3
630 1174 816 1219 Patribus,
851 1185 898 1209 ne
919 1185 992 1221 quo
1011 1179 1170 1210 externo
1189 1179 1330 1209 terrore
1351 1185 1436 1210 avo-

150 1234 326 1264 carentur
352 1227 468 1264 animi
488 1227 535 1263 ab
555 1226 734 1263 sanandis
753 1225 970 1263 domesticis
990 1224 1109 1261 malis.
1167 1224 1299 1273 Igitur,
1320 1237 1436 1273 quum

149 1293 237 1329 pars
257 1287 413 1328 utraque
446 1279 566 1316 acrior
600 1277 790 1327 aliquanto
823 1285 950 1314 coorta
982 1284 1094 1323 esset,
1125 1277 1164 1314 in
1184 1277 1435 1326 propinquum

104 1342 136 1366 20
150 1342 343 1369 certarnen
360 1332 488 1368 aderat
507 1342 545 1368 et
564 1331 745 1368 Manlius.
803 1330 1000 1366 Advocata
1019 1329 1173 1366 domurn
1202 1329 1326 1377 plebe,
1347 1341 1436 1366 cum

149 1384 383 1433 principibus
412 1383 668 1421 novandarum
702 1395 828 1419 rerum
857 1381 1022 1419 interdiu
1050 1388 1240 1430 noctuque
1277 1381 1437 1418 consilia

150 1436 279 1485 agitat,
299 1436 444 1485 plenior
476 1434 667 1484 aliquanto
696 1435 907 1471 animorum
936 1434 1162 1482 irarumque,
1183 1445 1297 1491 quarn
1325 1440 1438 1470 antea

150 1488 282 1525 fuerat.
355 1488 457 1525 Iram
485 1488 715 1524 accenderat
752 1486 961 1536 ignominia
1002 1498 1137 1523 recens
1165 1485 1204 1522 in
1233 1485 1360 1522 animo
1389 1487 1436 1523 ad

150 1540 419 1578 contumeliam
448 1540 668 1588 inexperto:
697 1539 849 1588 spiritus
867 1539 993 1582 dabat,
1023 1537 1121 1586 quod
1153 1550 1228 1574 nec
1247 1550 1361 1574 ausus
1380 1550 1437 1575 es·

106 1600 208 1629 ffiset
243 1593 344 1630 idem
373 1593 412 1629 in
441 1605 482 1629 se
511 1592 681 1638 dictator,
721 1592 821 1640 quod
851 1591 889 1628 in
920 1591 984 1639 Sp.
1015 1590 1144 1628 Maelio
1183 1590 1438 1627 Cincinnatus

151 1644 337 1684 Quintius
350 1644 520 1689 fecisset3
536 1651 574 1681 et
586 1644 822 1681 vinculorum
835 1655 987 1680 suorum
997 1643 1178 1679 invidiam
1191 1655 1266 1680 non
1276 1642 1436 1680 dictator

153 1697 264 1733 modo
284 1696 498 1733 abdicando
516 1696 743 1733 dictaturam
764 1696 932 1744 fugisset,
953 1695 1019 1732 sed
1041 1707 1089 1731 ne
1109 1701 1263 1731 senatus
1282 1694 1436 1742 quidem

153 1749 338 1785 sustinere
358 1749 553 1798 potuisset.
611 1748 683 1784 His
703 1748 814 1784 simul
834 1747 986 1784 inflatus
1001 1747 1339 1794 exacerbatusque,
1357 1746 1436 1795 jam

152 1813 218 1850 per
237 1813 277 1837 se
291 1813 474 1838 accensos
486 1800 669 1837 incitabat
680 1800 799 1849 plebis
814 1799 960 1836 animos
975 1811 982 1835 :
1015 1805 1038 1821 “
1055 1798 1268 1846 Quousque
1281 1799 1434 1836 tandem

107 1861 140 1886 30
155 1852 412 1902 “ignorabitis
433 1853 529 1889 vires
548 1860 702 1898 vestras,
721 1865 814 1900 quas
830 1859 963 1888 natura
982 1864 1030 1888 ne
1050 1851 1193 1887 belluas
1212 1850 1365 1899 quidem
1386 1851 1439 1901 ig-

154 1912 178 1928 “
192 1918 324 1943 norare
341 1904 455 1942 voluit
471 1907 485 1941 Ἰ
516 1912 711 1941 numerate
732 1905 876 1949 saltem,
897 1911 985 1952 quot
1006 1904 1075 1952 ipsi
1095 1903 1189 1949 sitis,
1205 1910 1294 1950 quot
1309 1903 1439 1940 adver-

155 1965 178 1982 “
191 1958 308 1995 sarios
320 1958 501 1995 habeatis.
533 1957 574 1993 Si
590 1956 729 2006 singuli
743 1956 912 2006 singulos
925 1955 1137 2004 aggressuri
1152 1955 1296 2001 essetis,
1311 1963 1438 1993 tamen

155 2017 178 2034 “
193 2011 316 2048 acrius
335 2010 530 2048 crederem
550 2022 614 2048 vos
633 2023 699 2058 pro
719 2009 902 2054 libertate,
923 2008 1036 2056 quam
1057 2008 1138 2045 illos
1153 2020 1220 2056 pro
1239 2007 1438 2046 dominati-

155 2069 178 2086 “
191 2075 278 2107 one,
298 2070 517 2100 certaturos.
572 2061 682 2101 Quot
709 2062 811 2098 enim
832 2061 991 2098 clientes
1006 2060 1110 2097 circa
1129 2060 1297 2109 singulos
1317 2060 1439 2098 fuistis

108 2122 141 2147 35
155 2121 179 2138 “
192 2122 379 2164 patronos,
399 2122 452 2152 tot
471 2127 574 2151 nunc
595 2115 773 2151 adversus
792 2127 909 2150 unum
929 2114 1075 2150 hostem
1091 2113 1206 2151 eritis.
1235 2112 1438 2151 Ostendite

155 2173 179 2190 “
194 2166 303 2204 mod&
323 2168 488 2212 bellum;
528 2179 660 2215 pacem
682 2167 880 2204 habebitis.
938 2166 1104 2202 Videant
1123 2178 1186 2202 vos
1214 2172 1362 2214 paratos
1391 2167 1439 2203 ad

157 2226 181 2243 ‘⁴
194 2219 268 2256 vim
285 2232 295 2263 3
321 2219 382 2268 jus
401 2219 471 2268 ipsi
491 2219 693 2256 remittent.
750 2218 983 2256 Audendum
1004 2225 1061 2254 est
1080 2217 1219 2266 aliquid
1240 2218 1438 2265 universis,

157 2278 181 2294 ‘⁶
195 2278 260 2308 aut
277 2271 405 2308 omnia
416 2272 574 2321 singulis
586 2272 774 2320 patienda.
803 2271 1015 2319 Quousque
1029 2283 1089 2306 me
1105 2270 1440 2319 circumspectabi-

158 2330 182 2346 “
196 2323 243 2360 tis
259 2325 274 2359 Ψ.
322 2323 405 2372 Ego
419 2324 571 2372 quidem
584 2324 677 2361 nulli
693 2325 853 2361 vestrum
870 2325 1006 2360 deero:
1036 2335 1084 2359 ne
1105 2322 1254 2359 fortuna
1273 2335 1358 2359 mea
1377 2324 1441 2361 de-

113 2383 145 2410 40
159 2382 183 2399 “
197 2376 254 2421 sit,
271 2375 406 2413 videte.
437 2376 522 2425 Ipse
536 2376 672 2413 vindex
688 2384 822 2420 vester,
839 2377 903 2413 ubi
916 2377 1036 2413 visum
1051 2375 1216 2412 inimicis
1230 2383 1299 2418 est,
1314 2376 1439 2412 nullus

160 2427 351 2477 “repente
374 2428 448 2465 fui:
478 2436 515 2465 et
534 2429 677 2466 vidistis
697 2430 734 2466 in
756 2429 907 2466 vincula
936 2428 1025 2465 duci
1059 2428 1223 2464 universi
1243 2440 1342 2472 eum,
1376 2428 1438 2475 qui

159 2487 183 2504 “
197 2493 218 2518 a
236 2480 395 2531 singulis
416 2481 519 2518 vobis
540 2481 688 2518 vincula
707 2481 936 2530 depulerain.
991 2480 1099 2520 Quid
1121 2492 1280 2529 sperem,
1307 2480 1337 2515 si
1357 2480 1440 2530 plus
