1617 2765
609 139 745 170 LIBER
768 139 793 169 1.
839 148 916 169 CAP.
935 147 1030 168 XLV1.
1408 140 1460 177 43

235 236 357 273 XLV.
405 235 529 271 Aucta
549 233 698 269 civitate
720 233 980 281 magnitudine
1012 232 1126 275 uibis,
1156 232 1321 269 formatis
1340 233 1459 270 omni-

182 288 252 325 bus
272 287 371 325 domi
392 294 429 323 et
447 286 493 322 ad
515 285 600 321 belli
616 292 653 321 et
673 285 719 321 ad
740 285 843 333 pacis
865 298 967 330 usus,
1001 297 1048 320 ne
1069 297 1216 332 semper
1237 286 1349 321 armis
1367 298 1458 334 opes

181 341 477 388 acquirerentur,
499 337 656 374 consilio
678 349 816 385 augere
850 337 1046 384 imperium
1078 344 1236 371 conatus
1255 344 1322 381 est,
1345 338 1456 374 simul

180 399 217 428 et
236 391 383 438 aliquod
404 390 541 426 addere
563 389 643 425 urbi
664 390 792 425 decus.
849 389 932 424 Jam
968 396 1046 424 tum
1081 395 1159 423 erat
1189 388 1371 435 inclytum
1392 390 1459 425 Di-

151 453 261 479 ⁵anae
283 443 454 491 Ephesiae
476 441 626 477 sanum:
658 442 693 477 id
714 448 963 477 communiter
983 453 1004 476 a
1023 440 1237 476 civitatibus
1259 440 1360 475 Asiae
1381 441 1458 477 fac-

179 501 258 531 tum
280 494 378 530 fama
398 494 550 530 serebat.
607 493 740 532 Quum
767 505 995 529 consensum
1028 492 1202 539 Deosque
1223 492 1459 529 consociatos

178 546 347 583 laudaret
366 545 631 585 mireiServius
652 546 748 581 inter
767 557 941 593 proceres
962 544 1194 586 Latinorum,
1216 556 1303 580 eum
1323 544 1459 591 quibus

178 597 328 646 publice*¹
349 598 594 646 privatimque
615 597 774 645 hospitia
800 596 1059 644 amicitiasque
1080 597 1126 632 de
1148 596 1332 631 industria
1348 596 1460 644 junx-

177 657 278 694 erat;
309 663 406 698 saepe
427 650 597 686 iterando
625 650 771 692 eadem,
801 648 963 697 perpulit
996 649 1160 692 tandem,
1192 655 1232 684 ut
1252 648 1387 683 Romae
1410 648 1460 684 fa-

135 712 164 736 10
178 714 268 738 num
302 702 434 738 Dianae
466 701 592 750 populi
626 701 750 737 Latini
783 714 871 737 cum
901 700 1036 749 populo
1069 700 1245 736 Romano
1279 700 1457 736 facerent.

178 753 231 790 Ea
254 761 333 790 erat
351 753 551 798 confessio,
572 761 685 801 caput
704 766 828 789 rerum
859 753 1023 789 Romam
1043 765 1149 796 esse3
1190 752 1236 787 de
1256 764 1329 799 quo
1348 752 1458 788 toties

178 806 289 842 armis
309 813 492 842 certatum
514 805 644 841 fuerat.
701 805 745 841 Id
766 817 989 853 quamquam
1009 805 1189 840 omissum
1207 803 1283 852 jam
1305 817 1353 840 ex
1380 817 1459 840 om-

177 857 281 893 nium
303 858 395 894 cura
417 857 648 899 Latinorum,
679 857 726 893 ob
756 870 833 892 rem
855 857 963 893 toties
983 856 1183 892 infeliciter
1203 863 1382 892 tentatam
1405 869 1459 892 ar-

177 909 260 955 mis,
282 910 500 953 videbatur3
531 909 595 944 uni
616 921 655 944 se
675 921 721 944 ex
742 909 893 944 Sabinis
920 909 992 944 fors
1024 909 1113 944 dare
1144 908 1221 943 visa
1240 915 1296 944 est
1315 908 1459 956 privato

134 971 164 996 15
177 961 336 997 consilio
356 961 500 1008 imperii
520 961 781 1008 recuperandi.
838 960 912 996 Bos
946 960 983 995 in
1016 960 1167 995 Sabinis
1197 967 1285 996 nata
1305 960 1458 996 cuidam

175 1012 425 1061 patrifamiliae
445 1012 594 1057 dicitur,
617 1012 786 1048 miranda
820 1012 1082 1060 magnitudine
1103 1024 1149 1047 ac
1168 1012 1307 1058 specie.
1363 1011 1456 1048 Fixa

176 1077 241 1113 per
261 1065 397 1101 multas
417 1071 543 1100 aetates
563 1077 705 1100 cornua
735 1064 772 1100 in
804 1063 987 1100 vestibulo
1016 1064 1144 1112 templi
1174 1063 1308 1099 Dianae
1329 1076 1443 1099 monu

177 1123 344 1153 mentum
377 1117 412 1153 ei
443 1115 548 1152 fuere
582 1116 775 1153 miraculo.
835 1116 988 1162 Habita,
1018 1122 1057 1151 ut
1089 1122 1179 1161 erat,
1210 1128 1269 1151 res
1298 1115 1458 1164 prodigii

178 1168 261 1205 loco
279 1176 360 1205 est:
390 1175 427 1205 et
446 1169 620 1204 cecinere
640 1175 756 1215 vates,
777 1168 885 1217 cujus
918 1168 1080 1204 civitatis
1109 1180 1190 1204 eam
1212 1168 1304 1204 civis
1325 1167 1458 1203 Dianae

131 1230 164 1255 20
179 1220 419 1263 immolasset,
441 1221 492 1257 ibi
513 1221 588 1257 sore
610 1221 807 1269 imperium
825 1233 834 1264 3
866 1220 976 1268 idque
997 1233 1150 1256 carmen
1170 1227 1392 1268 pervenerat
1411 1220 1458 1255 ad

178 1273 381 1309 antistitem
403 1273 480 1309 fani
510 1272 656 1309 Dianae.
714 1273 889 1317 Sabinus,
914 1279 954 1308 ut
981 1272 1101 1320 prima
1129 1279 1215 1320 apta
1234 1272 1315 1307 dies
1345 1271 1459 1308 sacri-

178 1324 264 1361 ficio
284 1325 361 1361 visa
380 1332 449 1367 est,
470 1325 600 1361 bovem
624 1325 786 1360 Romam
813 1332 935 1360 actam
965 1324 1121 1360 deducit
1154 1324 1199 1359 ad
1222 1324 1349 1359 fanum
1369 1323 1459 1359 Dia-

178 1388 250 1419 nae,
280 1384 317 1413 et
347 1384 433 1413 ante
467 1389 569 1412 aram
607 1376 746 1413 statuit.
821 1376 878 1412 Ibi
899 1376 1054 1412 antistes
1091 1376 1303 1418 Romanus,
1342 1388 1457 1423 quum

177 1440 265 1465 eum
298 1429 520 1476 magnitudo
555 1428 713 1464 victimae
752 1429 942 1465 celebrata
975 1428 1072 1464 fam-:1
1106 1428 1294 1470 movisset,
1317 1440 1459 1464 memor

131 1480 358 1529 25responsi,
381 1481 564 1516 Sabinum
599 1480 650 1515 ita
679 1480 902 1528 alloquitur:
959 1482 982 1501 “
999 1479 1197 1518 Quidnam
1229 1487 1282 1521 tu,
1309 1480 1456 1527 hospes,

176 1533 201 1554 “
218 1545 354 1580 paras.
342 1533 356 1558 Ὗ
371 1533 391 1548 ”
439 1532 573 1580 inquit,
611 1534 635 1553 ‘⁴
649 1531 794 1568 inceste
842 1532 1069 1568 sacrificium
1117 1532 1251 1567 Dianae
1299 1531 1423 1567 facere
1443 1532 1458 1567 'l

176 1584 324 1623 “Quin
346 1591 385 1621 tu
406 1585 491 1620 ante
514 1584 596 1620 vivo
615 1583 850 1632 perfunderis
870 1584 1025 1620 flumine
1043 1585 1056 1619 l
1098 1583 1232 1619 Infima
1253 1583 1346 1619 valle
1366 1596 1459 1631 prae-

176 1636 299 1672 “fluit
330 1636 493 1672 Tiberis
498 1637 518 1652 ⁷’
586 1636 790 1684 Religione
826 1644 948 1672 tactus
978 1637 1125 1684 hospes,
1155 1635 1218 1684 qui
1247 1635 1387 1678 omnia,
1419 1642 1459 1672 ut

175 1688 346 1737 prodigio
367 1689 609 1736 responderet
628 1695 798 1730 eventus,
833 1696 989 1736 cuperet
1017 1688 1087 1724 rite
1123 1688 1233 1730 facta,
1254 1700 1300 1723 ex
1320 1687 1459 1735 templo

130 1739 374 1776 aodes'oendit
402 1741 449 1776 ad
480 1740 664 1776 Tiberim.
722 1740 874 1776 Interea
907 1740 1105 1776 Romanus
1135 1739 1303 1775 immolat
1324 1739 1457 1775 Dianae

176 1792 308 1829 bovem
327 1805 335 1827 z
367 1792 404 1828 id
425 1792 516 1828 mire}
535 1799 683 1841 gratum
703 1792 783 1841 regi
803 1799 913 1840 atque
933 1792 1075 1828 civitati
1096 1791 1176 1828 fuit.

227 1896 373 1933 XLVI.
418 1897 583 1942 Servius,
614 1909 838 1945 quamquam
865 1896 947 1945 jam·
972 1909 1042 1932 usu
1071 1896 1170 1932 haud
1191 1895 1349 1931 dubium
1378 1908 1459 1944 reg-

175 1961 266 1986 num
286 1949 515 1997 possederat,
537 1956 677 1992 tamen,
692 1949 978 1996 quiainterdum
996 1948 1129 1998 jactari
1151 1961 1261 1984 voces
1281 1961 1302 1983 a
1317 1947 1458 1996 juvene

175 2001 385 2049 Tarquinio
397 2002 585 2044 audiebat,
600 2014 639 2037 se
657 2001 799 2049 injussu
817 2002 942 2050 populi
958 2013 1128 2050 regnare,
1142 2000 1342 2036 conciliata
1354 1999 1458 2048 prius

130 2054 363 2092 asvoluntate
383 2053 513 2102 plebis,
535 2066 624 2102 agro
650 2060 760 2101 capto
788 2066 834 2090 ex
868 2053 1036 2090 hostibus
1069 2052 1206 2089 viritim
1235 2052 1367 2095 diviso,
1394 2064 1458 2088 au-

176 2118 238 2142 sus
257 2112 314 2142 est
333 2106 429 2142 ferre
450 2106 496 2142 ad
517 2106 707 2154 populum,
727 2107 751 2126 ‘⁴
768 2106 918 2152 vellent,
932 2106 1172 2154 juberentne‚
1187 2116 1229 2140 se
1242 2104 1455 2152 regnare'l’'

177 2164 351 2206 tantoque
384 2171 587 2203 consensu,
617 2164 757 2206 quanto
783 2158 882 2193 haud
913 2158 1108 2206 quisquam
1142 2156 1238 2192 alius
1263 2155 1362 2202 ante,
1392 2168 1457 2192 rex

177 2216 234 2245 est
264 2209 486 2246 declaratus.
552 2210 687 2258 Neque
716 2222 761 2246 ea
793 2222 852 2245 res
881 2209 1090 2268 Tarquinio
1119 2221 1224 2257 spem
1253 2207 1456 2244 affectandi

177 2261 285 2309 regni
306 2261 463 2299 minuit:
494 2262 608 2299 immo
626 2275 671 2298 eo
690 2261 910 2310 impensius,
941 2262 1029 2310 quia
1061 2263 1108 2298 de
1138 2273 1227 2309 agro
1256 2260 1374 2309 plebis
1395 2259 1457 2295 ad-

133 2330 164 2355 40
178 2325 285 2348 versa
302 2313 451 2350 Patrum
473 2315 662 2351 voluntate
683 2322 852 2350 senserat
871 2314 945 2362 agi,
966 2313 1194 2350 criminandi
1216 2312 1335 2349 Servii
1356 2312 1454 2360 apud

179 2365 320 2410 Patres,
342 2367 641 2415 crescendique
633 2380 670 2403 m
701 2367 805 2402 curia
835 2366 906 2402 sibi
939 2366 1179 2403 occasionem
1209 2365 1334 2401 datam
1355 2370 1456 2399 ratus

178 2424 246 2464 est,
267 2424 304 2454 et
325 2417 402 2466 ipse
417 2416 566 2466 juvenis
585 2419 751 2456 ardentis
770 2419 898 2465 animi,
924 2426 960 2455 et
990 2419 1090 2455 domi
1118 2422 1232 2455 uxore
1252 2415 1408 2452 Tullia
1401 2427 1456 2451 in-
