1617 2765
593 185 730 217 LIBER
754 185 779 215 Ι.
825 195 906 216 CAP.
924 195 1034 216 xxxrr.
1406 187 1454 224 31

172 282 344 332 peditum
362 280 514 330 quidem
535 281 680 323 robore,
702 280 886 316 caeterum
906 280 1072 328 equitatu
1094 286 1204 316 aucto
1226 293 1356 328 nuper,
1376 280 1457 329 plu-

173 335 315 372 rimum
337 334 513 370 Romana
532 334 634 369 acies
653 333 779 369 valuit.
837 333 895 368 Ab
915 333 1104 380 equitibus
1124 333 1276 380 repente
1298 333 1457 369 invectis

172 386 310 423 turbati
340 385 493 422 ordines
522 391 610 421 sunt
649 385 899 421 Sabinorum:
947 397 1020 420 nec
1057 397 1185 433 pugna
1215 384 1354 420 deinde
1386 385 1458 421 illis

171 446 357 483 constare,
379 450 451 474 nec
472 437 562 487 fuga
580 437 772 486 explicari,
794 437 876 473 sine
897 438 1034 486 magna
1055 437 1159 473 caede
1180 437 1310 485 potuit.

141 552 159 577 ⁶
224 542 379 579 XXXI.
411 541 581 578 Devictis
603 541 766 586 Sabinis,
788 554 904 589 quum
926 541 962 577 in
985 542 1121 590 magna
1145 541 1262 589 gloria
1293 542 1458 590 magnis-

133 608 137 613 *
170 607 242 643 que
262 595 396 643 opibus
416 607 576 643 regnum
596 594 701 630 Tulli
722 606 766 629 ac
787 602 862 630 tota
891 607 951 630 res
981 594 1159 630 Romana
1177 601 1286 638 esset,
1309 595 1459 631 nuntia-

170 655 250 683 tum
271 647 350 695 regi
371 647 622 694 Patribusque
642 654 711 689 est,
734 646 771 682 in
793 654 919 682 monte
935 646 1085 682 Albano
1105 645 1292 693 lapidibus
1305 646 1456 694 pluisse.

169 698 287 738 Quod
308 712 422 747 quum
444 699 548 735 credi
569 699 629 734 vix
648 706 786 746 posset,
818 698 942 734 missis
962 698 1009 734 ad
1041 698 1078 734 id
1109 698 1304 735 visendum
1337 699 1459 746 prodi-

170 751 289 800 gium,
312 752 350 788 in
370 759 592 799 conspectu,
614 751 714 786 haud
735 751 842 786 aliter
862 751 1108 798 quamrquum
1130 750 1355 799 grandinem
1369 763 1458 788 ven-

128 816 158 839 10
173 804 197 839 ti
218 804 463 852 glomeratam
487 803 523 839 in
544 811 661 839 terras
682 810 812 851 agunt,
833 802 956 839 crebri
987 803 1164 840 cecidere
1185 802 1282 838 coelo
1301 803 1456 851 lapides.

172 856 254 892 Visi
275 856 389 892 etiam
411 856 541 892 audire
562 867 693 891 vocem
715 856 908 903 ingentem
923 867 969 891 ex
983 855 1119 891 summi
1134 855 1456 901 cacuminisluco,

172 915 212 944 ut
233 908 351 956 patrio
371 908 442 943 ritu
465 920 571 943 sacra
591 907 732 942 Albani
754 907 936 952 facerent,
957 920 1039 955 quae
1068 906 1186 956 (velut
1207 906 1291 942 Diis
1310 920 1457 955 quoque

172 960 282 996 simul
313 972 399 995 cum
431 959 552 1007 patria
581 958 740 1009 relictis)
772 958 951 994 oblivioni
982 959 1188 1002 dederant3
1229 966 1266 994 et
1297 968 1361 995 aut
1381 960 1459 996 Ro-

171 1025 284 1048 mana
304 1024 410 1048 sacra
430 1017 689 1059 susceperant,
710 1019 786 1057 aut,
807 1010 978 1055 sortunoe,
1011 1018 1051 1047 ut
1072 1010 1122 1055 fit,
1143 1011 1291 1053 obirati,
1313 1011 1458 1048 cultum

128 1077 158 1101 15
172 1064 400 1112 reliquerant
429 1062 571 1100 Deam.
646 1062 833 1099 Romanis
862 1075 1009 1112 quoque
1039 1063 1087 1098 ab
1123 1063 1257 1099 eodem
1287 1063 1458 1112 prodigio

171 1116 406 1154 novemdiale
427 1128 575 1152 sacrum
598 1114 750 1163 publice
775 1122 991 1164 susceptum
1012 1122 1089 1160 est3
1120 1128 1187 1151 seu
1209 1127 1299 1151 voce
1312 1116 1457 1152 coelesti

170 1182 217 1205 ex
238 1169 389 1205 Albano
410 1176 535 1205 monte
556 1168 671 1204 missa
692 1167 798 1217 (nam
819 1167 855 1204 id
877 1180 1024 1216 quoque
1044 1167 1236 1218 traditur),
1268 1180 1334 1204 seu
1355 1181 1458 1204 arus-

169 1222 297 1270 picum
317 1220 473 1257 monitu.
530 1220 676 1257 Mansit
695 1220 796 1256 certe
827 1220 996 1263 solenne,
1028 1227 1081 1263 ut,
1112 1221 1336 1268 quandoque
1357 1220 1457 1257 idem

170 1274 382 1322 prodigium
413 1273 661 1318 nuntiaretur,
704 1272 806 1308 feriae
846 1285 911 1320 per
949 1285 1085 1309 novem
1122 1273 1204 1308 dies
1241 1279 1457 1321 agerentur.

125 1336 158 1361 20
172 1326 285 1362 Haud
308 1326 358 1362 ita
377 1324 494 1361 multo
513 1325 596 1373 post
614 1325 826 1373 pestilentia
857 1324 1068 1361 laboratum
1100 1331 1179 1361 est:
1221 1325 1321 1361 unde
1342 1337 1457 1372 quum

170 1378 334 1428 pigritia
341 1378 527 1414 militandi
556 1377 728 1422 oriretur,
759 1376 862 1412 nulla
891 1384 1018 1413 tamen
1049 1377 1096 1412 ab
1126 1377 1239 1413 armis
1268 1377 1374 1425 quies
1395 1377 1459 1413 da-

172 1431 280 1467 batur
300 1426 347 1466 ab
366 1430 546 1466 bellicoso
573 1442 675 1478 rege,
707 1428 915 1465 salubriora
944 1429 1058 1465 etiarn
1088 1429 1269 1466 credente
1300 1429 1457 1473 militias,

171 1495 283 1540 quarn
303 1481 448 1524 dorni,
435 1494 617 1530 Juvenum
638 1493 793 1529 corpora
813 1494 918 1517 esse·
909 1510 918 1525 ,
959 1481 1082 1517 donec
1113 1482 1192 1529 ipse
1212 1494 1358 1529 quoque
1379 1481 1458 1518 lon-

171 1535 312 1584 ginquo
332 1534 462 1570 morbo
481 1540 539 1569 est
559 1533 774 1581 implicitus
832 1533 948 1569 Tunc
969 1532 1065 1569 adeo
1097 1533 1205 1569 fracti
1236 1533 1348 1569 simul
1369 1546 1456 1570 cum

125 1597 159 1622 25
173 1599 327 1635 corpore
348 1594 435 1623 sunt
454 1585 606 1644 spiritus
626 1585 678 1621 illi
700 1585 844 1622 feroces
850 1592 932 1630 ,‚ut
953 1586 1016 1633 qui
1047 1585 1141 1622 nihil
1173 1585 1260 1622 ante
1281 1593 1383 1622 ratus
1402 1599 1459 1622 es-

173 1646 230 1675 set
249 1638 378 1676 minhs
408 1638 568 1687 regium,
604 1650 716 1686 quam
756 1638 873 1674 sacris
903 1638 1042 1674 dedere
1081 1639 1263 1684 animum,
1304 1639 1458 1686 repente

172 1691 348 1728 omnibus
368 1691 516 1739 magnis
536 1690 731 1739 parvisque
744 1690 1074 1738 superstitionibus
1086 1691 1270 1727 obnoxius
1290 1690 1458 1738 degeret,

173 1743 493 1792 religionibusque
513 1743 627 1779 etiarn
647 1742 826 1790 populum
857 1742 1039 1790 impleret.
1098 1742 1253 1791 Vulgo
1241 1755 1319 1791 jam
1340 1743 1459 1778 homi-

173 1808 255 1842 nes,
275 1808 363 1832 eum
383 1802 521 1831 statum
542 1807 685 1852 rerumz
710 1794 773 1842 qui
804 1794 874 1830 sub
904 1794 1032 1830 Numa
1062 1807 1151 1843 rege
1182 1795 1315 1840 suerat,
1335 1794 1458 1852 requi-

127 1858 160 1883 30
174 1855 311 1893 rentes,
333 1860 447 1884 unam
467 1860 577 1896 opem
599 1847 708 1895 aegris
728 1847 947 1895 corporibus
977 1847 1161 1890 relictam,
1191 1847 1222 1882 si
1243 1859 1315 1894 pax
1336 1847 1460 1883 venia-

173 1913 246 1949 que
266 1901 313 1936 ab
333 1900 417 1937 Diis
437 1900 634 1948 impetrata
653 1906 765 1944 esset,
799 1899 1017 1936 credebant.
1075 1877 1204 1947 Ipsum
1225 1911 1367 1947 regem,
1387 1905 1459 1935 tra-

174 1953 282 1996 dunt,
303 1952 512 1989 volventem
533 1951 825 1988 commentarios
838 1951 990 1994 Numae,
1011 1964 1126 1999 quum
1147 1951 1198 1987 ibi
1213 1951 1384 1999 quaedam
1397 1963 1460 1988 oc-

175 2005 278 2042 culta
296 2005 468 2042 solennia
486 2004 674 2041 sacrificia
692 2003 776 2040 Jovi
807 2003 931 2040 Elicio
961 2003 1060 2040 facta
1090 2004 1309 2049 invenisset,
1329 2016 1460 2051 opera-

174 2064 254 2094 tum
275 2058 333 2094 his
353 2057 469 2094 sacris
489 2070 528 2093 se
542 2056 732 2093 abdidisse
750 2068 760 2100 ς
790 2056 855 2092 sed
869 2069 944 2092 non
959 2056 1026 2092 rite
1047 2056 1181 2092 initum
1204 2063 1267 2091 aut
1286 2063 1459 2092 curatum

130 2110 213 2147 35id
232 2122 381 2147 sacrum
411 2122 518 2153 esse3
565 2121 638 2145 neo
668 2108 793 2144 solnm
824 2108 967 2144 nullam
998 2108 1032 2144 ei
1063 2108 1227 2144 oblatam
1247 2107 1460 2145 ooelestium

175 2163 354 2211 speciem,
375 2163 455 2208 sed,
476 2161 532 2198 ira
560 2161 678 2221 Jovis,
711 2160 900 2197 sollicitati
931 2172 1045 2208 prava
1075 2160 1270 2209 religione,
1302 2159 1460 2197 fulmine

176 2214 291 2250 ictum
313 2228 400 2251 curn
432 2192 544 2251 domo
573 2203 836 2271 conflagrisse.
893 2212 1032 2250 Tullus
1062 2225 1200 2262 magna
1229 2212 1347 2261 gloria
1371 2212 1459 2249 belli

177 2267 347 2315 regnavit
366 2280 486 2304 annos
505 2267 600 2303 duos
619 2273 657 2302 et
676 2265 843 2314 triginta.

230 2370 408 2407 XXXII.
450 2371 602 2408 Mortuo
631 2370 761 2414 Tullo,
792 2383 863 2416 res,
896 2376 937 2407 ut
967 2370 1180 2407 institutum
1206 2369 1283 2419 jam
1305 2369 1392 2405 inde
1413 2368 1460 2404 ab

132 2435 164 2460 4ο
178 2423 286 2462 mitio
305 2430 396 2468 crat,
418 2423 464 2459 ad
487 2423 615 2460 Patres
635 2423 819 2460 redierat:
861 2423 973 2471 hique
995 2423 1223 2471 interregem
1244 2421 1461 2457 nominave-

178 2483 284 2514 rant:
313 2488 387 2524 quo
406 2475 559 2513 comitia
578 2475 753 2521 habente,
788 2476 942 2512 Ancum
973 2475 1163 2512 Marcium
1193 2485 1319 2521 regem
1345 2484 1461 2521 popu-
