1617 2765
552 199 691 231 LIBER
714 199 776 230 111.
808 207 888 230 cAP.
906 207 964 229 xx..
1371 199 1424 238 87

135 294 159 316 “
173 301 282 332 rent:
329 295 511 344 graviora,
549 306 632 342 quae
671 294 872 343 patiantur,
916 292 1034 329 videri
1069 291 1148 342 jam
1192 292 1422 341 hominibus,

135 347 283 395 “quam
303 359 386 395 quae
407 346 617 383 metuant.”

187 450 271 487 XL.
316 450 413 488 Haec
434 451 663 489 vociferante
685 451 856 495 Horatio,
887 463 1000 499 quum
1022 449 1228 487 decemviri
1257 462 1330 486 nec
1359 449 1423 487 irae

134 514 207 538 nec
226 503 451 551 ignoscendi
481 505 636 541 modum
656 504 879 553 reperirent,
900 516 986 550 nec,
1007 502 1079 551 quo
1099 515 1258 539 evasura
1286 515 1347 538 res
1366 515 1424 539 es-

105 561 202 598 5set‚
241 564 465 601 cernerent,
513 557 557 593 C.
589 557 755 599 Claudii,
785 557 847 605 qui
877 563 1032 605 patruus
1070 555 1186 604 Appii
1215 555 1423 592 decemviri

133 615 223 652 erat,
244 608 363 645 oratio
394 609 462 646 fuit
495 609 682 658 precibus,
703 608 816 657 quam
843 609 981 658 jurgiO,
1012 608 1157 651 similis,
1187 607 1329 644 orantis
1357 620 1423 656 per

133 659 190 695 sui
209 660 330 697 fratris
351 662 590 710 parentisque
610 663 692 711 ejus
712 674 843 699 manes
860 675 868 706 ;
912 664 935 682 ‘⁴
949 660 999 697 Ut
1019 660 1141 696 civilis
1160 659 1284 708 potius
1305 660 1424 696 socie-

132 713 155 732 “
170 713 270 757 tatis,
302 713 340 749 in
374 716 446 762 qua
466 722 578 750 natus
606 721 718 757 esset,
748 714 862 762 quam
884 713 1036 750 foederis
1067 712 1208 749 nefarie
1239 712 1305 749 icti
1335 725 1423 749 cum

132 765 155 786 “
170 765 338 814 collegis,
382 767 643 803 meminisset:
691 766 808 803 multo
850 767 886 803 id
930 766 1050 814 magis
1093 777 1133 801 se
1176 765 1276 801 illius
1306 766 1424 802 causa

90 829 120 854 10
133 818 157 839 ‘⁶
169 830 289 863 orare,
319 819 431 866 quam
460 819 691 868 reipublicae.
748 819 904 867 Quippe
934 818 1222 866 rempublicam,
1252 818 1282 854 si
1315 831 1336 854 a
1365 831 1424 855 vo-

133 870 335 906 “lentibus
373 880 550 920 nequeat,
591 872 638 908 ab
667 871 793 908 invitis
828 872 889 920 jus
930 871 1192 919 expetituram.
1271 870 1347 906 Sed
1377 883 1424 907 ex

132 923 309 971 “magno
337 924 545 960 certamine
588 937 747 973 magnas
788 924 945 960 excitari
987 923 1103 959 ferme
1144 923 1244 966 iras3
1292 935 1424 959 earum

132 976 347 1011 “eventurn
376 988 416 1012 se
447 976 636 1012 horrere.’'
692 976 828 1015 Quum
857 976 973 1021 aliud,
994 982 1241 1023 praeterquam
1271 975 1318 1010 de
1349 988 1423 1022 quo

132 1027 360 1071 retulissent,
395 1028 601 1064 decemviri
631 1028 758 1065 dicere
788 1028 1044 1076 prohiberent,
1077 1026 1281 1062 Claudium
1311 1027 1425 1063 inter-

89 1090 120 1115 15
131 1079 296 1128 pellandi
316 1080 547 1116 verecundia
567 1080 646 1117 fuit.
705 1080 942 1116 Sententiam
965 1079 1077 1128 igitur
1096 1079 1254 1127 peregit,
1276 1079 1423 1115 nullum

131 1132 281 1180 placere
300 1133 683 1169 senatus-consultum
704 1133 797 1169 fieri.
855 1133 1075 1180 Omnesque
1097 1131 1147 1167 ita
1168 1131 1422 1179 accipiebant,

131 1184 293 1232 privatos
311 1197 376 1221 eos
396 1198 418 1221 a
438 1185 601 1222 Claudio
617 1185 807 1234 judicatos
824 1198 832 1229 ;
877 1184 1059 1233 multique
1093 1196 1140 1220 ex
1160 1183 1424 1220 consularibus

132 1236 245 1273 verbo
277 1238 421 1274 assensi
451 1245 549 1276 sunt.
616 1238 705 1275 Alia
737 1237 939 1280 sententia,
969 1236 1134 1285 asperior
1167 1236 1206 1272 in
1240 1236 1421 1284 speciem,

133 1288 208 1324 vim
229 1289 413 1326 minorem
447 1289 637 1338 aliquanto
668 1290 812 1334 habuit,
832 1302 915 1338 quae
935 1289 1113 1338 patricios
1142 1288 1245 1325 coire
1266 1288 1312 1324 ad
1342 1301 1424 1336 pro-

87 1357 120 1383 20
133 1340 300 1378 dendum
322 1343 549 1392 interregem
575 1343 757 1392 jubebat:
805 1342 999 1379 censendo
1019 1341 1135 1383 enim,
1162 1352 1422 1389 quoscumque

132 1393 374 1442 magistratus
401 1407 498 1438 esse,
541 1395 604 1443 qui
633 1402 807 1431 senatum
836 1395 1033 1440 haberent,
1059 1393 1283 1442 judicabat;
1330 1405 1423 1440 quos

132 1445 295 1493 privatos
335 1447 476 1483 fecerat
514 1455 645 1483 auctor
687 1447 828 1483 nullius
866 1445 1200 1483 senatus-consulti
1244 1445 1422 1481 faciendi.

132 1496 192 1533 Ita
210 1498 360 1535 labante
377 1499 455 1547 jam
476 1499 592 1535 causa
620 1499 934 1544 decemvirorum,
962 1498 1005 1533 L,
1027 1497 1229 1534 Cornelius
1259 1496 1424 1545 Malugi-

131 1550 272 1596 nensis,
294 1550 348 1587 M.
369 1551 538 1587 Cornelii
559 1551 763 1587 decemviri
799 1551 923 1593 frater,
944 1562 1060 1598 quum
1080 1562 1127 1585 ex
1159 1548 1424 1586 consularibus

85 1612 119 1637 ‘25
133 1601 180 1637 ad
202 1603 374 1639 ultimum
394 1603 548 1640 dicendi
568 1603 694 1640 loc-um
714 1602 888 1639 consulto
918 1609 1087 1638 servatus
1106 1608 1218 1647 esset,
1240 1601 1422 1637 simulan-

132 1653 181 1689 do
201 1667 331 1691 curam
352 1655 453 1698 belli,
475 1655 626 1692 fratrem
646 1655 885 1704 collegasque
899 1655 980 1703 ejus
996 1654 1171 1690 tuebatur
1189 1667 1197 1689 ε
1218 1655 1242 1675 “
1259 1666 1422 1712 quonam

133 1707 157 1726 “
172 1706 247 1743 fato
267 1707 473 1753 incidisset,
508 1708 635 1744 mir-aii
655 1708 736 1753 se,'’
771 1708 963 1750 dictitans,
993 1709 1072 1743 “ut
1091 1706 1338 1767 decemviros,
1359 1706 1423 1754 qui

132 1759 467 1796 “decemviratum
480 1760 677 1808 petissent,
692 1766 756 1796 aut
772 1758 900 1810 [socii]
917 1770 981 1795 aut
994 1759 1032 1795 hi
1046 1757 1214 1794 maxime
1230 1771 1424 1816 oppugna-

132 1810 275 1848 “rent
306 1819 370 1848 aut
388 1812 478 1860 quid
499 1812 561 1855 ita,
581 1825 696 1860 quum
717 1825 782 1860 per
803 1819 855 1848 tot
868 1824 1029 1856 menses,
1045 1823 1164 1846 vacua
1181 1810 1343 1855 civitate,
1358 1823 1424 1846 ne-

88 1879 120 1906 30
132 1864 156 1885 “
170 1877 244 1907 mo,
254 1864 395 1913 justine
408 1865 648 1914 magistratus
661 1877 818 1901 summae
833 1876 956 1900 rerum
973 1869 1195 1912 praeessent,
1212 1869 1425 1899 controver-

135 1917 267 1953 “siam
288 1916 442 1961 fecerit3
473 1930 577 1954 nunc
597 1918 765 1963 demum,
799 1929 925 1974 quum.
950 1916 1075 1952 hostes
1096 1927 1208 1964 prope
1230 1915 1277 1950 ad
1298 1922 1424 1963 portas

135 1972 158 1991 “
171 1969 258 2016 sint,
279 1969 409 2006 civiles
428 1969 637 2006 discordias
656 1976 807 2006 serant:
855 1968 927 2005 nisi
947 1967 1049 2017 quod
1069 1967 1108 2004 in
1128 1967 1279 2004 turbido
1298 1966 1424 2003 mimis

134 2022 413 2071 “perspicuum
435 2022 512 2059 fore
537 2029 684 2071 putent,
705 2022 794 2080 quid
815 2028 960 2070 agatur.
1018 2020 1209 2057 Caeterum
1230 2020 1424 2056 neminem

133 2074 311 2133 “majore
341 2087 434 2111 cura
453 2075 649 2124 occupatis
679 2074 828 2117 animis,
871 2086 1000 2110 verum
1030 2085 1127 2119 esse,
1156 2072 1424 2122 praejudicium

89 2126 158 2167 35“
172 2139 225 2164 rei
253 2135 366 2164 tantae
396 2127 540 2164 afferre.
617 2127 698 2163 Sibi
727 2127 889 2175 placere,
929 2126 976 2162 de
1006 2138 1064 2172 e0,
1102 2126 1202 2173 quod
1246 2124 1424 2161 Valerius

134 2179 159 2201 “
173 2179 424 2228 Horatiusque
445 2187 531 2216 ante
553 2179 646 2216 Idus
665 2179 787 2228 Majas
807 2178 1042 2215 decemviros
1055 2156 1181 2214 'abisse
1202 2177 1425 2226 magistratu

135 2231 543 2279 “1nS1mulentbellis,
572 2245 655 2281 quae
685 2232 921 2273 immineant,
942 2230 1130 2289 perfectis,
1161 2230 1356 2288 republica
1386 2229 1424 2265 in

135 2284 159 2306 “
176 2283 416 2331 tranquillum
435 2285 602 2331 redacta,
622 2293 756 2322 senatu
777 2284 1024 2342 disceptante,
1046 2282 1133 2332 agi:
1171 2290 1209 2319 et
1224 2282 1302 2331 jam
1319 2294 1424 2318 nunc

135 2336 226 2373 “ita
245 2348 284 2372 se
300 2348 429 2384 parare
458 2338 532 2385 Ap.
553 2316 772 2380 Claudium,
803 2344 845 2373 ut
873 2336 1127 2379 comitiorum,
1157 2348 1241 2384 quae
1272 2335 1424 2371 decem-

93 2390 162 2428 4o“
179 2388 265 2425 viris
284 2389 459 2424 creandis
477 2390 667 2427 decemvir
688 2391 767 2439 ipse
796 2389 982 2432 habuerit,
1013 2388 1108 2425 sciat
1136 2388 1207 2425 sibi
1237 2387 1423 2424 rationem

137 2440 408 2478 “reddendam
437 2453 531 2485 esse,
565 2444 686 2479 utrum
716 2444 754 2480 in
785 2455 901 2478 unum
933 2454 1075 2477 annum
1105 2440 1223 2477 creati
1252 2440 1340 2484 sint,
1375 2450 1423 2474 an

137 2494 297 2531 “donec
326 2493 443 2542 legeS‚
471 2505 554 2541 qum
591 2494 778 2540 deessent,
808 2494 1074 2543 perferrentur.
1149 2493 1195 2529 In
1224 2489 1424 2540 praesentia
