1617 2765
154 164 229 202 116
679 160 769 192 T1T1
794 162 904 193 mvn

151 265 307 294 externa
334 256 389 293 vis
415 256 572 305 quaesita
599 264 710 299 esset,
745 263 969 304 nequirent:
1017 255 1119 293 hunc
1147 256 1429 293 transeuntibus

151 310 270 358 Alpes
308 309 458 355 duceni,
498 316 762 356 auctoremque
800 308 971 344 Clusium
1011 309 1252 357 oppugnandi
1301 308 1428 345 fuisse.

151 361 338 409 Equidem
369 361 467 397 haud
497 360 707 414 abnuerw,
739 360 912 396 Clusium
945 360 1074 396 Gallos
1103 361 1149 396 ab
1171 363 1332 406 Arunte,
1362 373 1428 396 seu

151 426 224 461 quo
260 413 332 449 alio
361 412 530 454 Clusium
569 411 775 447 adductos:
821 412 887 447 sed
925 424 1001 458 eos,
1040 413 1103 460 qui
1131 412 1431 470 oppugnaverint

152 465 338 511 Clusium,
359 477 433 501 non
456 463 580 508 fuisse,
601 464 662 511 qui
683 464 791 521 primi
825 463 943 512 Alpes
975 442 1203 510 tiansierint,
1233 465 1322 501 satis
1341 477 1430 500 con-
1459 471 1475 495 5

152 524 245 554 stat:
292 516 466 552 ducentis
494 515 630 563 quippe
650 516 760 551 annis
779 515 877 561 ante,
907 528 1017 563 quam
1039 516 1209 552 Clusium
1239 529 1431 564 oppugna-

153 576 250 611 rent,
272 569 476 616 urbemque
499 568 661 603 Romam
682 575 873 616 caperent,
897 567 932 603 in
957 568 1102 605 Italiam
1120 568 1218 604 Galli
1239 576 1432 604 transcen-

152 621 311 657 derunt:
342 632 415 656 nec
434 632 520 656 cum
551 619 609 655 his
637 620 797 667 primum
828 619 1088 666 Etruscorum,
1118 621 1183 656 sed
1204 620 1320 656 multo
1341 621 1430 656 ante

152 685 239 709 cum
271 673 328 718 iis,
357 672 418 720 qui
453 672 549 707 inter
579 672 826 719 Apenninum
862 672 1051 720 Alpesque
1082 672 1310 718 incolebant,
1334 684 1432 720 saepe

151 725 340 761 exercitus
369 723 505 760 Gallici
537 726 766 771 pugnavere.
839 723 1067 770 Tuscorum,
1098 732 1184 760 ante
1214 725 1432 760 Romanum
1450 729 1478 753 10

153 776 365 824 imperium,
399 774 473 811 late
503 775 602 811 terra
631 775 798 822 marique.
825 787 915 822 opes
943 777 1122 822 patuere:
1165 777 1257 812 mari
1289 777 1434 823 Supero

154 827 366 875 Inseroque,
397 827 532 874 quibus
563 826 671 862 Italia
710 826 841 862 insulae
881 827 991 863 modo
1030 827 1208 875 cingitur,
1247 828 1434 875 quantum

152 879 353 927 potuerint,
374 878 528 915 nomina
547 886 634 914 sunt
667 888 911 927 argument03
953 877 1052 926 quod
1084 880 1240 915 alterum
1261 879 1434 916 Tuscum

153 931 345 967 communi
375 930 557 967 vocabulo
595 931 730 979 gentis,
774 931 930 966 alterum
972 931 1211 967 Adriaticum
1243 944 1358 974 mare,
1388 931 1435 967 ab

154 983 274 1018 Adria
295 982 510 1018 Tuscorum
540 982 701 1025 colonia,
735 981 915 1018 vocavere
948 982 1089 1018 Italicae
1109 991 1252 1041 gentes.
1309 983 1434 1020 Graeci
1451 988 1481 1013 15

154 1035 286 1070 eadem
308 1034 552 1082 Tyrrhenum
574 1043 683 1081 atque
711 1034 947 1070 Adriaticum
971 1043 1116 1070 vocant.
1174 1035 1234 1071 Ii
1227 1049 1263 1071 ιη
1297 1043 1438 1071 utrum-

153 1099 226 1134 que
247 1098 348 1122 mare
369 1093 566 1134 vergentes
587 1085 778 1121 incoluere
796 1086 951 1122 urbibus
971 1086 1156 1123 duodenis
1177 1095 1315 1130 terras3
1338 1087 1437 1136 prius

154 1139 210 1174 cis
230 1137 476 1186 Apenninum
497 1138 543 1172 ad
564 1137 732 1173 Inferum
754 1150 868 1183 mare,
899 1146 1027 1186 postea
1053 1145 1155 1174 trans
1175 1115 1436 1187 Aperuiinum,

154 1190 324 1235 totidem,
355 1197 443 1236 quot
476 1189 599 1237 capita
631 1189 787 1238 originis
817 1197 937 1232 erant,
971 1190 1128 1226 coloniis
1162 1191 1309 1234 missis3
1355 1204 1437 1239 quae

155 1249 259 1278 trans
288 1241 434 1277 Padum
462 1241 590 1277 onmia
621 1240 717 1287 loca,
751 1249 911 1289 excepto
937 1242 1168 1278 Venetorum
1195 1220 1345 1291 angulo,
1375 1243 1483 1291 qui20

156 1294 279 1330 sinum
301 1292 578 1329 circumcolunt
596 1293 721 1336 maris,
744 1306 889 1341 usque
881 1294 926 1329 ad
947 1293 1065 1342 Alpes
1085 1296 1256 1332 tenuere.
1288 1295 1438 1343 Alpinis

156 1358 303 1393 quoque
323 1358 367 1381 ea
386 1345 563 1394 gentibus
591 1345 691 1381 haud
718 1345 834 1381 dubie
857 1345 961 1394 origo
980 1354 1049 1392 est,
1080 1346 1246 1383 maxime
1269 1347 1437 1391 Rhtetis3

156 1410 249 1445 quos
267 1397 378 1434 loca
370 1410 450 1445 ipsa
468 1397 684 1443 efferarunt,
719 1410 766 1434 ne
786 1398 874 1446 quid
898 1410 946 1433 ex
966 1398 1131 1446 antiquo,
1151 1407 1285 1447 proeter
1304 1411 1438 1436 sonum

157 1450 310 1499 linguae,
331 1462 404 1486 nec
423 1462 510 1486 eum
531 1449 804 1498 incorruptum,
825 1449 1042 1486 retinerent.

209 1554 403 1591 XXXIV.
445 1554 504 1590 De
524 1555 682 1591 transitu
712 1555 749 1591 in
780 1555 926 1591 Italiam
957 1555 1150 1592 Gallorum
1181 1556 1262 1592 haec
1292 1556 1484 1604 accepi-2⁵

157 1620 252 1644 mus.
312 1607 441 1643 Prisco
472 1606 682 1654 Tarquinio
715 1607 850 1643 Romae
888 1616 1083 1656 regnante,
1115 1608 1307 1644 Celtarum
1340 1607 1439 1656 (quae

156 1672 242 1708 pars
262 1659 395 1695 Galliae
414 1659 524 1694 tertia
542 1660 616 1709 est)
647 1672 763 1707 penes
794 1660 984 1708 Bituriges
1003 1673 1150 1696 summa
1169 1660 1313 1708 imperii
1345 1660 1414 1696 fuit
1431 1672 1438 1696 :

157 1711 182 1748 ii
204 1723 331 1760 regem
351 1710 499 1747 Celtico
519 1711 671 1747 dabant.
719 1712 948 1760 Ambigatus
968 1712 998 1748 is
1019 1712 1099 1754 fuit,
1121 1712 1254 1748 virtute
1276 1712 1441 1748 fortuna-

157 1776 229 1811 que
249 1775 363 1811 quum
385 1763 465 1808 sua,
486 1770 563 1798 tum
585 1763 750 1811 publica,
784 1764 1019 1812 praepollens,
1040 1764 1140 1812 quod
1170 1764 1326 1813 imperio
1359 1764 1440 1812 ejus

157 1815 282 1852 Gallia
300 1813 394 1851 ade&
414 1815 574 1872 frugum
609 1815 879 1863 hominumque
913 1815 1042 1852 fertilis
1072 1816 1153 1859 suit,
1174 1823 1214 1852 ut
1243 1816 1440 1852 abundans
1453 1822 1485 1848 30

158 1868 358 1903 multitudo
387 1867 449 1902 vix
477 1867 555 1914 regi
585 1867 773 1903 videretur
792 1880 911 1915 posse.
970 1868 1047 1904 Hic
1081 1880 1218 1916 magno
1250 1876 1339 1903 natu
1362 1868 1439 1916 ipse

154 1919 246 1967 jam,
275 1930 478 1955 exonerare
499 1930 666 1966 praegrav
671 1926 757 1954 ante
777 1919 886 1955 turba
903 1931 1060 1967 regnum
1081 1920 1251 1976 cupiens,
1273 1919 1400 1956 Bellov
1403 1932 1441 1956 e·

159 1983 241 2007 sum
264 1983 308 2007 ac
329 1970 566 2018 Sigovesum,
598 1970 733 2006 sororis
762 1970 869 2016 filios,
904 1971 1081 2028 impigros
1106 1971 1276 2020 juvenes,
1308 1972 1440 2008 missu-

159 2035 239 2059 rum
270 2035 310 2059 se
339 2034 433 2067 esse,
464 2022 503 2057 in
522 2034 614 2069 quas
639 2022 702 2058 Dii
723 2022 915 2058 dedissent
935 2023 1102 2070 auguriis
1122 2024 1242 2066 sedes,
1263 2024 1438 2060 ostendit.

157 2073 387 2113 Quantum
379 2073 448 2122 1psi
469 2074 607 2110 vellent
637 2086 834 2110 numerum
869 2074 1076 2119 hominum,
1097 2076 1281 2120 excirent,
1302 2088 1349 2112 ne
1368 2083 1485 2123 qua35

159 2139 253 2175 gens
285 2138 413 2162 arcere
444 2126 688 2162 advenientes
725 2133 860 2174 posset.
934 2126 1036 2162 Tum
1072 2127 1252 2175 Sigoveso
1280 2128 1441 2164 sortibus

160 2178 236 2214 dati
259 2177 441 2225 Hercynii
462 2178 599 2214 saltus:
656 2178 849 2214 Belloveso
866 2178 964 2214 haud
985 2178 1096 2226 paulo
1113 2179 1289 2215 laetiorem
1309 2180 1346 2216 in
1368 2179 1442 2216 Ita·

160 2229 247 2266 liam
269 2231 365 2265 viam
387 2229 449 2265 Dii
470 2230 622 2266 dabant.
679 2230 730 2276 Is,
750 2231 846 2278 quod
868 2230 950 2278 ejus
969 2243 1015 2266 ex
1046 2231 1191 2279 populis
1211 2232 1440 2278 abundabat,

161 2281 365 2330 BiturigeS‚
388 2281 591 2324 Arvernos,
614 2283 797 2327 Senones,
820 2282 977 2327 AEduOS‚
998 2283 1215 2326 Ambarros,
1238 2283 1439 2326 Carnutes,

162 2333 358 2377 Aulercos,
379 2333 529 2370 excivit.
588 2334 783 2370 Profectus
813 2334 1029 2382 ingentibus
1059 2335 1228 2383 peditum
1257 2336 1441 2383 equitum-
1453 2341 1485 2367 40

161 2397 233 2431 que
254 2386 385 2434 copiis,
406 2385 443 2421 in
465 2384 702 2422 Tricastinos
718 2386 829 2422 venit.
890 2386 1004 2434 Alpes
1022 2387 1108 2423 inde
1124 2387 1301 2436 oppositae
1315 2394 1438 2432 erant;

161 2449 254 2485 quas
273 2437 592 2486 inexsuperabiles
611 2438 707 2474 visas
737 2438 835 2474 haud
867 2438 1040 2486 equidem
1072 2440 1197 2486 miror,
1229 2439 1330 2476 nulla
1350 2439 1439 2475 dum
