<?xml version="1.0" encoding="UTF-8"?>
<!DOCTYPE html PUBLIC "-//W3C//DTD XHTML 1.0 Transitional//EN"
    "http://www.w3.org/TR/xhtml1/DTD/xhtml1-transitional.dtd">
<html xmlns="http://www.w3.org/1999/xhtml" xml:lang="en" lang="en">
 <head>
  <title>
</title>
<meta http-equiv="Content-Type" content="text/html;charset=utf-8" />
  <meta name='ocr-system' content='tesseract 3.04.00' />
  <meta name='ocr-capabilities' content='ocr_page ocr_carea ocr_par ocr_line ocrx_word'/>
</head>
<body>
  <div class='ocr_page' id='page_1' title='image "./historiarumliber00livyuoft_0100.png"; bbox 0 0 1617 2765; ppageno 0'>
   <div class='ocr_carea' id='block_1_1' title="bbox 171 190 927 227">
    <p class='ocr_par' dir='ltr' id='par_1_1' title="bbox 171 190 927 227">
     <span class='ocr_line' id='line_1_1' title="bbox 171 190 927 227; baseline -0.009 0"><span class='ocrx_word' id='word_1_1' title='bbox 171 190 223 227; x_wconf 80' lang='lat'>82</span> <span class='ocrx_word' id='word_1_2' title='bbox 705 190 795 222; x_wconf 87' lang='lat' dir='ltr'>T1T1</span> <span class='ocrx_word' id='word_1_3' title='bbox 818 190 927 221; x_wconf 85' lang='lat' dir='ltr'>L1V11</span> 
     </span>
    </p>
   </div>
   <div class='ocr_carea' id='block_1_2' title="bbox 169 283 1494 1585">
    <p class='ocr_par' dir='ltr' id='par_1_2' title="bbox 172 283 1450 541">
     <span class='ocr_line' id='line_1_2' title="bbox 225 283 1450 333; baseline 0.002 -13"><span class='ocrx_word' id='word_1_4' title='bbox 225 283 417 323; x_wconf 88' lang='lat' dir='ltr'><strong>XXXIV.</strong></span> <span class='ocrx_word' id='word_1_5' title='bbox 462 285 595 325; x_wconf 83' lang='lat' dir='ltr'>Quum</span> <span class='ocrx_word' id='word_1_6' title='bbox 616 292 827 333; x_wconf 86' lang='lat' dir='ltr'>promptum</span> <span class='ocrx_word' id='word_1_7' title='bbox 847 284 948 322; x_wconf 87' lang='lat' dir='ltr'>hoc</span> <span class='ocrx_word' id='word_1_8' title='bbox 936 297 996 333; x_wconf 90' lang='lat' dir='ltr'>Jus</span> <span class='ocrx_word' id='word_1_9' title='bbox 1015 284 1114 321; x_wconf 79' lang='lat' dir='ltr'>velut</span> <span class='ocrx_word' id='word_1_10' title='bbox 1141 297 1188 321; x_wconf 83' lang='lat' dir='ltr'>ex</span> <span class='ocrx_word' id='word_1_11' title='bbox 1215 284 1366 323; x_wconf 88' lang='lat' dir='ltr'>oraculo</span> <span class='ocrx_word' id='word_1_12' title='bbox 1394 285 1450 323; x_wconf 90' lang='lat' dir='ltr'>in·</span> 
     </span>
     <span class='ocr_line' id='line_1_3' title="bbox 174 337 1450 387; baseline 0.003 -17"><span class='ocrx_word' id='word_1_13' title='bbox 174 345 390 386; x_wconf 89' lang='lat' dir='ltr'>corruptum</span> <span class='ocrx_word' id='word_1_14' title='bbox 409 338 546 386; x_wconf 88' lang='lat' dir='ltr'>pariter</span> <span class='ocrx_word' id='word_1_15' title='bbox 575 337 621 373; x_wconf 88' lang='lat' dir='ltr'>ab</span> <span class='ocrx_word' id='word_1_16' title='bbox 641 337 698 373; x_wconf 91' lang='lat' dir='ltr'>his</span> <span class='ocrx_word' id='word_1_17' title='bbox 718 337 854 372; x_wconf 86' lang='lat' dir='ltr'>summi</span> <span class='ocrx_word' id='word_1_18' title='bbox 877 337 1069 384; x_wconf 84' lang='lat' dir='ltr'>infimique</span> <span class='ocrx_word' id='word_1_19' title='bbox 1090 337 1240 380; x_wconf 89' lang='lat' dir='ltr'>ferrent,</span> <span class='ocrx_word' id='word_1_20' title='bbox 1261 344 1339 374; x_wconf 84' lang='lat' dir='ltr'>tum</span> <span class='ocrx_word' id='word_1_21' title='bbox 1359 338 1450 387; x_wconf 88' lang='lat' dir='ltr'>legi·</span> 
     </span>
     <span class='ocr_line' id='line_1_4' title="bbox 174 386 1450 447; baseline 0.003 -25"><span class='ocrx_word' id='word_1_22' title='bbox 174 386 243 424; x_wconf 89' lang='lat' dir='ltr'>bus</span> <span class='ocrx_word' id='word_1_23' title='bbox 262 390 471 426; x_wconf 87' lang='lat' dir='ltr'><strong>condendis</strong></span> <span class='ocrx_word' id='word_1_24' title='bbox 490 401 603 447; x_wconf 82' lang='lat' dir='ltr'>opera</span> <span class='ocrx_word' id='word_1_25' title='bbox 622 389 802 424; x_wconf 88' lang='lat' dir='ltr'>dabatur·</span> <span class='ocrx_word' id='word_1_26' title='bbox 841 388 1059 436; x_wconf 84' lang='lat' dir='ltr'>ingentique</span> <span class='ocrx_word' id='word_1_27' title='bbox 1080 389 1274 424; x_wconf 90' lang='lat' dir='ltr'>hominum</span> <span class='ocrx_word' id='word_1_28' title='bbox 1293 402 1450 438; x_wconf 84' lang='lat' dir='ltr'>exspec-</span> 
     </span>
     <span class='ocr_line' id='line_1_5' title="bbox 173 440 1450 490; baseline 0.002 -16"><span class='ocrx_word' id='word_1_29' title='bbox 173 440 312 478; x_wconf 79' lang='lat' dir='ltr'>tatione</span> <span class='ocrx_word' id='word_1_30' title='bbox 333 441 528 490; x_wconf 90' lang='lat' dir='ltr'>propositis</span> <span class='ocrx_word' id='word_1_31' title='bbox 547 441 679 476; x_wconf 90' lang='lat' dir='ltr'>decern</span> <span class='ocrx_word' id='word_1_32' title='bbox 700 440 849 483; x_wconf 84' lang='lat' dir='ltr'>tabulis,</span> <span class='ocrx_word' id='word_1_33' title='bbox 869 440 1047 488; x_wconf 90' lang='lat' dir='ltr'>populum</span> <span class='ocrx_word' id='word_1_34' title='bbox 1068 441 1115 476; x_wconf 89' lang='lat' dir='ltr'>ad</span> <span class='ocrx_word' id='word_1_35' title='bbox 1143 441 1367 477; x_wconf 85' lang='lat' dir='ltr'>concionem</span> <span class='ocrx_word' id='word_1_36' title='bbox 1388 442 1450 477; x_wconf 90' lang='lat' dir='ltr'>ad-</span> 
     </span>
     <span class='ocr_line' id='line_1_6' title="bbox 172 492 1494 541; baseline 0.002 -14"><span class='ocrx_word' id='word_1_37' title='bbox 172 500 425 529; x_wconf 90' lang='lat' dir='ltr'>vocaverunt.</span> <span class='ocrx_word' id='word_1_38' title='bbox 471 500 522 537; x_wconf 70' lang='lat' dir='ltr'>et,</span> <span class='ocrx_word' id='word_1_39' title='bbox 552 492 688 541; x_wconf 82' lang='lat' dir='ltr'>“quod</span> <span class='ocrx_word' id='word_1_40' title='bbox 710 492 865 538; x_wconf 89' lang='lat' dir='ltr'>bonum,</span> <span class='ocrx_word' id='word_1_41' title='bbox 895 492 1071 535; x_wconf 88' lang='lat' dir='ltr'>faustum,</span> <span class='ocrx_word' id='word_1_42' title='bbox 1093 492 1254 540; x_wconf 84' lang='lat' dir='ltr'>felixque</span> <span class='ocrx_word' id='word_1_43' title='bbox 1274 493 1494 541; x_wconf 82' lang='lat' dir='ltr'>reipubli-5</span> 
     </span>
    </p>

    <p class='ocr_par' dir='ltr' id='par_1_3' title="bbox 186 543 1450 593">
     <span class='ocr_line' id='line_1_7' title="bbox 186 543 1450 593; baseline 0 -12"><span class='ocrx_word' id='word_1_44' title='bbox 186 544 278 593; x_wconf 83' lang='lat' dir='ltr'>‘‚cae</span> <span class='ocrx_word' id='word_1_45' title='bbox 299 545 400 593; x_wconf 90' lang='lat' dir='ltr'>ipsis,</span> <span class='ocrx_word' id='word_1_46' title='bbox 421 545 621 593; x_wconf 88' lang='lat' dir='ltr'>liberisque</span> <span class='ocrx_word' id='word_1_47' title='bbox 640 557 770 581; x_wconf 90' lang='lat' dir='ltr'>eorum</span> <span class='ocrx_word' id='word_1_48' title='bbox 786 552 897 590; x_wconf 89' lang='lat' dir='ltr'>esset,</span> <span class='ocrx_word' id='word_1_49' title='bbox 927 544 993 590; x_wconf 91' lang='lat' dir='ltr'>ire,</span> <span class='ocrx_word' id='word_1_50' title='bbox 1023 551 1060 580; x_wconf 88' lang='lat' dir='ltr'>et</span> <span class='ocrx_word' id='word_1_51' title='bbox 1088 543 1213 592; x_wconf 86' lang='lat' dir='ltr'>legere</span> <span class='ocrx_word' id='word_1_52' title='bbox 1246 544 1349 592; x_wconf 81' lang='lat' dir='ltr'>leges</span> <span class='ocrx_word' id='word_1_53' title='bbox 1368 557 1450 593; x_wconf 91' lang='lat' dir='ltr'>pro-</span> 
     </span>
    </p>

    <p class='ocr_par' dir='ltr' id='par_1_4' title="bbox 171 596 1450 750">
     <span class='ocr_line' id='line_1_8' title="bbox 172 596 1450 646; baseline 0 -13"><span class='ocrx_word' id='word_1_54' title='bbox 172 596 381 646; x_wconf 88' lang='lat' dir='ltr'>“positas”</span> <span class='ocrx_word' id='word_1_55' title='bbox 417 610 517 646; x_wconf 77' lang='lat' dir='ltr'>Jussr</span> <span class='ocrx_word' id='word_1_56' title='bbox 521 609 572 633; x_wconf 91' lang='lat' dir='ltr'>re</span> <span class='ocrx_word' id='word_1_57' title='bbox 645 599 669 618; x_wconf 77' lang='lat'>‘⁴</span> <span class='ocrx_word' id='word_1_58' title='bbox 687 597 751 639; x_wconf 87' lang='lat' dir='ltr'>Se,</span> <span class='ocrx_word' id='word_1_59' title='bbox 789 604 967 644; x_wconf 85' lang='lat' dir='ltr'>quantum</span> <span class='ocrx_word' id='word_1_60' title='bbox 1006 596 1140 632; x_wconf 86' lang='lat' dir='ltr'>decem</span> <span class='ocrx_word' id='word_1_61' title='bbox 1170 596 1363 632; x_wconf 87' lang='lat' dir='ltr'>hominum</span> <span class='ocrx_word' id='word_1_62' title='bbox 1394 597 1450 633; x_wconf 91' lang='lat' dir='ltr'>in-</span> 
     </span>
     <span class='ocr_line' id='line_1_9' title="bbox 172 648 1450 698; baseline -0.001 -13"><span class='ocrx_word' id='word_1_63' title='bbox 172 649 333 698; x_wconf 82' lang='lat' dir='ltr'>“geniis</span> <span class='ocrx_word' id='word_1_64' title='bbox 351 649 536 698; x_wconf 88' lang='lat' dir='ltr'>provideri</span> <span class='ocrx_word' id='word_1_65' title='bbox 555 649 728 698; x_wconf 87' lang='lat' dir='ltr'>potuerit,</span> <span class='ocrx_word' id='word_1_66' title='bbox 748 649 924 685; x_wconf 90' lang='lat' dir='ltr'>omnibus</span> <span class='ocrx_word' id='word_1_67' title='bbox 953 648 1108 684; x_wconf 91' lang='lat' dir='ltr'>summis</span> <span class='ocrx_word' id='word_1_68' title='bbox 1128 648 1340 696; x_wconf 88' lang='lat' dir='ltr'>infimisque</span> <span class='ocrx_word' id='word_1_69' title='bbox 1365 648 1450 697; x_wconf 86' lang='lat' dir='ltr'>jura</span> 
     </span>
     <span class='ocr_line' id='line_1_10' title="bbox 171 700 1447 750; baseline -0.001 -13"><span class='ocrx_word' id='word_1_70' title='bbox 171 702 195 722; x_wconf 76' lang='lat'>‘⁴</span> <span class='ocrx_word' id='word_1_71' title='bbox 210 714 374 749; x_wconf 66' lang='lat' dir='ltr'>aequasse</span> <span class='ocrx_word' id='word_1_72' title='bbox 396 714 404 738; x_wconf 75' lang='grc' dir='ltr'>ε</span> <span class='ocrx_word' id='word_1_73' title='bbox 458 701 541 750; x_wconf 90' lang='lat' dir='ltr'>plus</span> <span class='ocrx_word' id='word_1_74' title='bbox 578 701 718 749; x_wconf 88' lang='lat' dir='ltr'>pollere</span> <span class='ocrx_word' id='word_1_75' title='bbox 759 700 960 736; x_wconf 88' lang='lat' dir='ltr'>multorum</span> <span class='ocrx_word' id='word_1_76' title='bbox 1006 700 1160 748; x_wconf 84' lang='lat' dir='ltr'>ingenia</span> <span class='ocrx_word' id='word_1_77' title='bbox 1204 700 1447 748; x_wconf 87' lang='lat' dir='ltr'>consiliaque.</span> 
     </span>
    </p>

    <p class='ocr_par' dir='ltr' id='par_1_5' title="bbox 169 753 1494 1585">
     <span class='ocr_line' id='line_1_11' title="bbox 172 753 1494 809; baseline -0.001 -19"><span class='ocrx_word' id='word_1_78' title='bbox 172 754 195 774; x_wconf 83' lang='lat'><strong>“</strong></span> <span class='ocrx_word' id='word_1_79' title='bbox 210 753 416 790; x_wconf 86' lang='lat' dir='ltr'>Versarent</span> <span class='ocrx_word' id='word_1_80' title='bbox 435 753 472 789; x_wconf 92' lang='lat' dir='ltr'>in</span> <span class='ocrx_word' id='word_1_81' title='bbox 493 753 629 789; x_wconf 87' lang='lat' dir='ltr'>animis</span> <span class='ocrx_word' id='word_1_82' title='bbox 648 764 780 788; x_wconf 91' lang='lat' dir='ltr'>secum</span> <span class='ocrx_word' id='word_1_83' title='bbox 800 763 1101 799; x_wconf 84' lang='lat' dir='ltr'>unamquamque</span> <span class='ocrx_word' id='word_1_84' title='bbox 1120 764 1221 809; x_wconf 84' lang='lat' dir='ltr'>rem3</span> <span class='ocrx_word' id='word_1_85' title='bbox 1264 753 1450 800; x_wconf 83' lang='lat' dir='ltr'>agitarent</span> <span class='ocrx_word' id='word_1_86' title='bbox 1464 761 1494 785; x_wconf 88' lang='lat'>10</span> 
     </span>
     <span class='ocr_line' id='line_1_12' title="bbox 171 803 1449 851; baseline 0 -10"><span class='ocrx_word' id='word_1_87' title='bbox 171 805 346 841; x_wconf 85' lang='lat' dir='ltr'>“deinde</span> <span class='ocrx_word' id='word_1_88' title='bbox 375 805 635 848; x_wconf 90' lang='lat' dir='ltr'>sermonibus;</span> <span class='ocrx_word' id='word_1_89' title='bbox 670 811 780 851; x_wconf 89' lang='lat' dir='ltr'>atque</span> <span class='ocrx_word' id='word_1_90' title='bbox 810 803 849 840; x_wconf 92' lang='lat' dir='ltr'>in</span> <span class='ocrx_word' id='word_1_91' title='bbox 879 803 1059 849; x_wconf 90' lang='lat' dir='ltr'>medium,</span> <span class='ocrx_word' id='word_1_92' title='bbox 1079 803 1226 851; x_wconf 89' lang='lat' dir='ltr'>quidm</span> <span class='ocrx_word' id='word_1_93' title='bbox 1245 816 1389 851; x_wconf 83' lang='lat' dir='ltr'>quaque</span> <span class='ocrx_word' id='word_1_94' title='bbox 1409 817 1449 841; x_wconf 87' lang='lat' dir='ltr'>re</span> 
     </span>
     <span class='ocr_line' id='line_1_13' title="bbox 170 855 1450 905; baseline -0.001 -12"><span class='ocrx_word' id='word_1_95' title='bbox 170 857 291 905; x_wconf 88' lang='lat' dir='ltr'>“plus</span> <span class='ocrx_word' id='word_1_96' title='bbox 310 857 480 893; x_wconf 89' lang='lat' dir='ltr'>minusve</span> <span class='ocrx_word' id='word_1_97' title='bbox 500 862 612 903; x_wconf 89' lang='lat' dir='ltr'>esset,</span> <span class='ocrx_word' id='word_1_98' title='bbox 633 856 861 892; x_wconf 89' lang='lat' dir='ltr'>conferrent.</span> <span class='ocrx_word' id='word_1_99' title='bbox 892 855 968 892; x_wconf 87' lang='lat' dir='ltr'>Eas</span> <span class='ocrx_word' id='word_1_100' title='bbox 980 855 1083 903; x_wconf 84' lang='lat' dir='ltr'>leges</span> <span class='ocrx_word' id='word_1_101' title='bbox 1103 855 1316 891; x_wconf 78' lang='lat' dir='ltr'>habiturum</span> <span class='ocrx_word' id='word_1_102' title='bbox 1336 869 1450 904; x_wconf 88' lang='lat' dir='ltr'>popu-</span> 
     </span>
     <span class='ocr_line' id='line_1_14' title="bbox 171 907 1448 956; baseline -0.001 -10"><span class='ocrx_word' id='word_1_103' title='bbox 171 910 287 946; x_wconf 90' lang='lat' dir='ltr'>“lum</span> <span class='ocrx_word' id='word_1_104' title='bbox 330 909 561 954; x_wconf 86' lang='lat' dir='ltr'>Romanum,</span> <span class='ocrx_word' id='word_1_105' title='bbox 599 921 691 956; x_wconf 89' lang='lat' dir='ltr'>quas</span> <span class='ocrx_word' id='word_1_106' title='bbox 732 920 940 944; x_wconf 85' lang='lat' dir='ltr'>consensus</span> <span class='ocrx_word' id='word_1_107' title='bbox 980 907 1147 944; x_wconf 88' lang='lat' dir='ltr'>omnium</span> <span class='ocrx_word' id='word_1_108' title='bbox 1182 920 1256 944; x_wconf 92' lang='lat' dir='ltr'>non</span> <span class='ocrx_word' id='word_1_109' title='bbox 1292 907 1448 956; x_wconf 85' lang='lat' dir='ltr'>jussisse</span> 
     </span>
     <span class='ocr_line' id='line_1_15' title="bbox 171 959 1449 1017; baseline -0.002 -19"><span class='ocrx_word' id='word_1_110' title='bbox 171 962 303 999; x_wconf 84' lang='lat' dir='ltr'>“latas</span> <span class='ocrx_word' id='word_1_111' title='bbox 323 961 456 1010; x_wconf 87' lang='lat' dir='ltr'>magis,</span> <span class='ocrx_word' id='word_1_112' title='bbox 486 973 596 1008; x_wconf 80' lang='lat' dir='ltr'>quam</span> <span class='ocrx_word' id='word_1_113' title='bbox 631 960 771 1005; x_wconf 89' lang='lat' dir='ltr'>tulisse,</span> <span class='ocrx_word' id='word_1_114' title='bbox 793 960 910 996; x_wconf 92' lang='lat' dir='ltr'>videri</span> <span class='ocrx_word' id='word_1_115' title='bbox 942 959 1105 1017; x_wconf 60' lang='lat' dir='ltr'>posset3&#39;&#39;</span> <span class='ocrx_word' id='word_1_116' title='bbox 1159 959 1292 998; x_wconf 75' lang='lat' dir='ltr'>Quum</span> <span class='ocrx_word' id='word_1_117' title='bbox 1313 960 1359 996; x_wconf 88' lang='lat' dir='ltr'>ad</span> <span class='ocrx_word' id='word_1_118' title='bbox 1389 973 1449 996; x_wconf 91' lang='lat' dir='ltr'>ru-</span> 
     </span>
     <span class='ocr_line' id='line_1_16' title="bbox 171 1011 1493 1060; baseline -0.005 -9"><span class='ocrx_word' id='word_1_119' title='bbox 171 1026 293 1051; x_wconf 86' lang='lat' dir='ltr'>mores</span> <span class='ocrx_word' id='word_1_120' title='bbox 313 1013 509 1049; x_wconf 88' lang='lat' dir='ltr'>hominum</span> <span class='ocrx_word' id='word_1_121' title='bbox 525 1013 572 1048; x_wconf 91' lang='lat' dir='ltr'>de</span> <span class='ocrx_word' id='word_1_122' title='bbox 593 1024 817 1060; x_wconf 88' lang='lat' dir='ltr'>unoquoque</span> <span class='ocrx_word' id='word_1_123' title='bbox 840 1011 966 1060; x_wconf 82' lang='lat' dir='ltr'>legum</span> <span class='ocrx_word' id='word_1_124' title='bbox 997 1011 1120 1059; x_wconf 89' lang='lat' dir='ltr'>capite</span> <span class='ocrx_word' id='word_1_125' title='bbox 1140 1012 1241 1048; x_wconf 89' lang='lat' dir='ltr'>edito</span> <span class='ocrx_word' id='word_1_126' title='bbox 1260 1012 1350 1048; x_wconf 88' lang='lat' dir='ltr'>satis</span> <span class='ocrx_word' id='word_1_127' title='bbox 1369 1025 1449 1049; x_wconf 86' lang='lat' dir='ltr'>cor·</span> <span class='ocrx_word' id='word_1_128' title='bbox 1463 1021 1493 1045; x_wconf 86' lang='lat'>15</span> 
     </span>
     <span class='ocr_line' id='line_1_17' title="bbox 171 1063 1449 1113; baseline -0.002 -10"><span class='ocrx_word' id='word_1_129' title='bbox 171 1074 286 1103; x_wconf 84' lang='lat' dir='ltr'>rectae</span> <span class='ocrx_word' id='word_1_130' title='bbox 306 1065 536 1108; x_wconf 82' lang='lat' dir='ltr'>viderentur,</span> <span class='ocrx_word' id='word_1_131' title='bbox 558 1064 778 1101; x_wconf 90' lang='lat' dir='ltr'>centuriatis</span> <span class='ocrx_word' id='word_1_132' title='bbox 794 1064 956 1100; x_wconf 86' lang='lat' dir='ltr'>comitiis</span> <span class='ocrx_word' id='word_1_133' title='bbox 968 1063 1101 1100; x_wconf 87' lang='lat' dir='ltr'>decem</span> <span class='ocrx_word' id='word_1_134' title='bbox 1115 1063 1325 1100; x_wconf 87' lang='lat' dir='ltr'>tabularum</span> <span class='ocrx_word' id='word_1_135' title='bbox 1345 1064 1449 1113; x_wconf 83' lang='lat' dir='ltr'>leges</span> 
     </span>
     <span class='ocr_line' id='line_1_18' title="bbox 170 1116 1447 1168; baseline -0.002 -13"><span class='ocrx_word' id='word_1_136' title='bbox 170 1118 320 1168; x_wconf 87' lang='lat' dir='ltr'>perlatae</span> <span class='ocrx_word' id='word_1_137' title='bbox 341 1124 451 1161; x_wconf 87' lang='lat' dir='ltr'>sunt:</span> <span class='ocrx_word' id='word_1_138' title='bbox 497 1117 560 1165; x_wconf 88' lang='lat' dir='ltr'>qui</span> <span class='ocrx_word' id='word_1_139' title='bbox 593 1129 696 1152; x_wconf 88' lang='lat' dir='ltr'>nunc</span> <span class='ocrx_word' id='word_1_140' title='bbox 725 1128 885 1164; x_wconf 87' lang='lat' dir='ltr'>quoque,</span> <span class='ocrx_word' id='word_1_141' title='bbox 918 1116 957 1152; x_wconf 93' lang='lat' dir='ltr'>in</span> <span class='ocrx_word' id='word_1_142' title='bbox 988 1116 1087 1152; x_wconf 89' lang='lat' dir='ltr'>hoc</span> <span class='ocrx_word' id='word_1_143' title='bbox 1079 1128 1263 1152; x_wconf 81' lang='lat' dir='ltr'>immenso</span> <span class='ocrx_word' id='word_1_144' title='bbox 1291 1116 1447 1153; x_wconf 88' lang='lat' dir='ltr'>aliarum</span> 
     </span>
     <span class='ocr_line' id='line_1_19' title="bbox 171 1167 1448 1229; baseline -0.001 -23"><span class='ocrx_word' id='word_1_145' title='bbox 171 1183 282 1229; x_wconf 88' lang='lat' dir='ltr'>super</span> <span class='ocrx_word' id='word_1_146' title='bbox 303 1169 395 1206; x_wconf 89' lang='lat' dir='ltr'>alias</span> <span class='ocrx_word' id='word_1_147' title='bbox 428 1175 685 1205; x_wconf 84' lang='lat' dir='ltr'>acervatarum</span> <span class='ocrx_word' id='word_1_148' title='bbox 714 1168 840 1217; x_wconf 85' lang='lat' dir='ltr'>legum</span> <span class='ocrx_word' id='word_1_149' title='bbox 860 1167 1025 1214; x_wconf 81' lang='lat' dir='ltr'>cumulo,</span> <span class='ocrx_word' id='word_1_150' title='bbox 1046 1168 1129 1204; x_wconf 89' lang='lat' dir='ltr'>fons</span> <span class='ocrx_word' id='word_1_151' title='bbox 1157 1168 1279 1204; x_wconf 90' lang='lat' dir='ltr'>omnis</span> <span class='ocrx_word' id='word_1_152' title='bbox 1306 1168 1448 1216; x_wconf 86' lang='lat' dir='ltr'>publici</span> 
     </span>
     <span class='ocr_line' id='line_1_20' title="bbox 170 1219 1448 1271; baseline -0.001 -12"><span class='ocrx_word' id='word_1_153' title='bbox 170 1222 375 1271; x_wconf 85' lang='lat' dir='ltr'>privatique</span> <span class='ocrx_word' id='word_1_154' title='bbox 395 1228 451 1257; x_wconf 89' lang='lat' dir='ltr'>est</span> <span class='ocrx_word' id='word_1_155' title='bbox 475 1220 580 1270; x_wconf 89' lang='lat' dir='ltr'>juris.</span> <span class='ocrx_word' id='word_1_156' title='bbox 654 1220 839 1269; x_wconf 84' lang='lat' dir='ltr'>Vulgatur</span> <span class='ocrx_word' id='word_1_157' title='bbox 859 1220 997 1256; x_wconf 91' lang='lat' dir='ltr'>deinde</span> <span class='ocrx_word' id='word_1_158' title='bbox 1026 1233 1164 1263; x_wconf 88' lang='lat' dir='ltr'>rumor,</span> <span class='ocrx_word' id='word_1_159' title='bbox 1195 1219 1288 1256; x_wconf 84' lang='lat' dir='ltr'>duas</span> <span class='ocrx_word' id='word_1_160' title='bbox 1316 1220 1448 1258; x_wconf 86' lang='lat' dir='ltr'>deesse</span> 
     </span>
     <span class='ocr_line' id='line_1_21' title="bbox 171 1271 1493 1332; baseline 0 -21"><span class='ocrx_word' id='word_1_161' title='bbox 171 1274 316 1311; x_wconf 84' lang='lat' dir='ltr'>tabulas</span> <span class='ocrx_word' id='word_1_162' title='bbox 332 1287 340 1319; x_wconf 83' lang='lat'><em>3</em></span> <span class='ocrx_word' id='word_1_163' title='bbox 387 1273 521 1322; x_wconf 88' lang='lat' dir='ltr'>quibus</span> <span class='ocrx_word' id='word_1_164' title='bbox 541 1271 711 1322; x_wconf 87' lang='lat' dir='ltr'>adjectis,</span> <span class='ocrx_word' id='word_1_165' title='bbox 741 1272 880 1308; x_wconf 87' lang='lat' dir='ltr'>absolvi</span> <span class='ocrx_word' id='word_1_166' title='bbox 909 1284 1016 1320; x_wconf 90' lang='lat' dir='ltr'>posse</span> <span class='ocrx_word' id='word_1_167' title='bbox 1044 1271 1144 1309; x_wconf 90' lang='lat' dir='ltr'>velut</span> <span class='ocrx_word' id='word_1_168' title='bbox 1172 1284 1308 1332; x_wconf 82' lang='lat' dir='ltr'>corpus</span> <span class='ocrx_word' id='word_1_169' title='bbox 1326 1273 1493 1311; x_wconf 74' lang='lat' dir='ltr'>omnism</span> 
     </span>
     <span class='ocr_line' id='line_1_22' title="bbox 171 1324 1447 1376; baseline 0 -12"><span class='ocrx_word' id='word_1_170' title='bbox 171 1326 367 1365; x_wconf 83' lang='lat' dir='ltr'>Romani</span> <span class='ocrx_word' id='word_1_171' title='bbox 355 1326 460 1376; x_wconf 88' lang='lat' dir='ltr'>Juris.</span> <span class='ocrx_word' id='word_1_172' title='bbox 516 1325 575 1363; x_wconf 87' lang='lat' dir='ltr'>Ea</span> <span class='ocrx_word' id='word_1_173' title='bbox 600 1326 843 1376; x_wconf 82' lang='lat' dir='ltr'>exspectatiO,</span> <span class='ocrx_word' id='word_1_174' title='bbox 873 1337 987 1376; x_wconf 89' lang='lat' dir='ltr'>quum</span> <span class='ocrx_word' id='word_1_175' title='bbox 1020 1324 1101 1363; x_wconf 87' lang='lat' dir='ltr'>dies</span> <span class='ocrx_word' id='word_1_176' title='bbox 1120 1325 1356 1364; x_wconf 86' lang='lat' dir='ltr'>comitiorum</span> <span class='ocrx_word' id='word_1_177' title='bbox 1386 1340 1447 1376; x_wconf 88' lang='lat' dir='ltr'>ap-</span> 
     </span>
     <span class='ocr_line' id='line_1_23' title="bbox 170 1379 1448 1431; baseline -0.002 -13"><span class='ocrx_word' id='word_1_178' title='bbox 170 1381 446 1431; x_wconf 83' lang='lat' dir='ltr'>propinquaret,</span> <span class='ocrx_word' id='word_1_179' title='bbox 477 1379 706 1418; x_wconf 86' lang='lat' dir='ltr'>desiderium</span> <span class='ocrx_word' id='word_1_180' title='bbox 739 1379 971 1417; x_wconf 89' lang='lat' dir='ltr'>decemviros</span> <span class='ocrx_word' id='word_1_181' title='bbox 1000 1379 1134 1417; x_wconf 90' lang='lat' dir='ltr'>iterum</span> <span class='ocrx_word' id='word_1_182' title='bbox 1163 1380 1317 1416; x_wconf 87' lang='lat' dir='ltr'>creandi</span> <span class='ocrx_word' id='word_1_183' title='bbox 1346 1379 1448 1416; x_wconf 88' lang='lat' dir='ltr'>fecit.</span> 
     </span>
     <span class='ocr_line' id='line_1_24' title="bbox 170 1431 1450 1482; baseline -0.002 -11"><span class='ocrx_word' id='word_1_184' title='bbox 170 1434 256 1471; x_wconf 81' lang='lat' dir='ltr'>Jam</span> <span class='ocrx_word' id='word_1_185' title='bbox 276 1433 393 1482; x_wconf 83' lang='lat' dir='ltr'>plebs,</span> <span class='ocrx_word' id='word_1_186' title='bbox 415 1439 661 1481; x_wconf 67' lang='lat' dir='ltr'>praeterquam</span> <span class='ocrx_word' id='word_1_187' title='bbox 691 1431 789 1480; x_wconf 67' lang='lat' dir='ltr'>quod</span> <span class='ocrx_word' id='word_1_188' title='bbox 823 1432 1019 1468; x_wconf 88' lang='lat' dir='ltr'>consulum</span> <span class='ocrx_word' id='word_1_189' title='bbox 1047 1445 1197 1475; x_wconf 90' lang='lat' dir='ltr'>nomen,</span> <span class='ocrx_word' id='word_1_190' title='bbox 1219 1432 1320 1468; x_wconf 87' lang='lat' dir='ltr'>haud</span> <span class='ocrx_word' id='word_1_191' title='bbox 1340 1444 1450 1468; x_wconf 86' lang='lat' dir='ltr'>secus</span> 
     </span>
     <span class='ocr_line' id='line_1_25' title="bbox 169 1484 1448 1534; baseline -0.002 -12"><span class='ocrx_word' id='word_1_192' title='bbox 169 1499 283 1534; x_wconf 83' lang='lat' dir='ltr'>quarn</span> <span class='ocrx_word' id='word_1_193' title='bbox 303 1497 446 1534; x_wconf 83' lang='lat' dir='ltr'>regum,</span> <span class='ocrx_word' id='word_1_194' title='bbox 466 1497 599 1533; x_wconf 88' lang='lat' dir='ltr'>perosa</span> <span class='ocrx_word' id='word_1_195' title='bbox 617 1491 708 1527; x_wconf 84' lang='lat' dir='ltr'>erat,</span> <span class='ocrx_word' id='word_1_196' title='bbox 739 1496 788 1520; x_wconf 87' lang='lat' dir='ltr'>ne</span> <span class='ocrx_word' id='word_1_197' title='bbox 808 1484 1053 1520; x_wconf 89' lang='lat' dir='ltr'>tribunicium</span> <span class='ocrx_word' id='word_1_198' title='bbox 1072 1484 1224 1531; x_wconf 90' lang='lat' dir='ltr'>quidem</span> <span class='ocrx_word' id='word_1_199' title='bbox 1252 1484 1448 1531; x_wconf 79' lang='lat' dir='ltr'>auxilium,</span> 
     </span>
     <span class='ocr_line' id='line_1_26' title="bbox 171 1535 1493 1585; baseline -0.003 -10"><span class='ocrx_word' id='word_1_200' title='bbox 171 1538 399 1575; x_wconf 87' lang='lat' dir='ltr'>cedentibus</span> <span class='ocrx_word' id='word_1_201' title='bbox 419 1536 582 1574; x_wconf 88' lang='lat' dir='ltr'>invicem</span> <span class='ocrx_word' id='word_1_202' title='bbox 603 1536 849 1585; x_wconf 86' lang='lat' dir='ltr'>appellatione</span> <span class='ocrx_word' id='word_1_203' title='bbox 870 1535 1106 1582; x_wconf 77' lang='lat' dir='ltr'>decemviris,</span> <span class='ocrx_word' id='word_1_204' title='bbox 1125 1535 1326 1584; x_wconf 67' lang='lat' dir='ltr'>quaerebat.</span> <span class='ocrx_word' id='word_1_205' title='bbox 1461 1542 1493 1567; x_wconf 66' lang='lat'>25</span> 
     </span>
    </p>
   </div>
   <div class='ocr_carea' id='block_1_3' title="bbox 166 1640 1493 2525">
    <p class='ocr_par' dir='ltr' id='par_1_6' title="bbox 166 1640 1493 2525">
     <span class='ocr_line' id='line_1_27' title="bbox 224 1640 1449 1691; baseline -0.002 -11"><span class='ocrx_word' id='word_1_206' title='bbox 224 1643 396 1680; x_wconf 89' lang='lat' dir='ltr'><strong>XXXV.</strong></span> <span class='ocrx_word' id='word_1_207' title='bbox 443 1642 644 1691; x_wconf 88' lang='lat' dir='ltr'>Postquam</span> <span class='ocrx_word' id='word_1_208' title='bbox 665 1643 751 1678; x_wconf 77' lang='lat' dir='ltr'>vero</span> <span class='ocrx_word' id='word_1_209' title='bbox 784 1642 937 1679; x_wconf 89' lang='lat' dir='ltr'>comitia</span> <span class='ocrx_word' id='word_1_210' title='bbox 965 1641 1189 1678; x_wconf 86' lang='lat' dir='ltr'>decemviris</span> <span class='ocrx_word' id='word_1_211' title='bbox 1209 1641 1383 1677; x_wconf 86' lang='lat' dir='ltr'>creandis</span> <span class='ocrx_word' id='word_1_212' title='bbox 1409 1640 1449 1677; x_wconf 90' lang='lat' dir='ltr'>in</span> 
     </span>
     <span class='ocr_line' id='line_1_28' title="bbox 171 1693 1450 1751; baseline -0.002 -19"><span class='ocrx_word' id='word_1_213' title='bbox 171 1695 310 1732; x_wconf 89' lang='lat' dir='ltr'>trinum</span> <span class='ocrx_word' id='word_1_214' title='bbox 342 1695 554 1732; x_wconf 88' lang='lat' dir='ltr'>nundinum</span> <span class='ocrx_word' id='word_1_215' title='bbox 585 1695 728 1731; x_wconf 86' lang='lat' dir='ltr'>indicta</span> <span class='ocrx_word' id='word_1_216' title='bbox 756 1702 866 1739; x_wconf 82' lang='lat' dir='ltr'>sunt3</span> <span class='ocrx_word' id='word_1_217' title='bbox 913 1701 1017 1730; x_wconf 91' lang='lat' dir='ltr'>tanta</span> <span class='ocrx_word' id='word_1_218' title='bbox 1049 1693 1187 1730; x_wconf 81' lang='lat' dir='ltr'>exarsit</span> <span class='ocrx_word' id='word_1_219' title='bbox 1215 1693 1379 1751; x_wconf 88' lang='lat' dir='ltr'>ambitio,</span> <span class='ocrx_word' id='word_1_220' title='bbox 1409 1700 1450 1729; x_wconf 88' lang='lat' dir='ltr'>ut</span> 
     </span>
     <span class='ocr_line' id='line_1_29' title="bbox 169 1745 1450 1806; baseline -0.002 -22"><span class='ocrx_word' id='word_1_221' title='bbox 169 1748 353 1806; x_wconf 86' lang='lat' dir='ltr'>primores</span> <span class='ocrx_word' id='word_1_222' title='bbox 381 1760 528 1795; x_wconf 91' lang='lat' dir='ltr'>quoque</span> <span class='ocrx_word' id='word_1_223' title='bbox 557 1747 718 1783; x_wconf 83' lang='lat' dir='ltr'>civitatis</span> <span class='ocrx_word' id='word_1_224' title='bbox 749 1746 882 1795; x_wconf 88' lang='lat' dir='ltr'>(metu,</span> <span class='ocrx_word' id='word_1_225' title='bbox 912 1747 1039 1795; x_wconf 84' lang='lat' dir='ltr'>credo,</span> <span class='ocrx_word' id='word_1_226' title='bbox 1067 1759 1114 1782; x_wconf 91' lang='lat' dir='ltr'>ne</span> <span class='ocrx_word' id='word_1_227' title='bbox 1143 1745 1237 1782; x_wconf 88' lang='lat' dir='ltr'>tanti</span> <span class='ocrx_word' id='word_1_228' title='bbox 1264 1745 1450 1794; x_wconf 90' lang='lat' dir='ltr'>possessio</span> 
     </span>
     <span class='ocr_line' id='line_1_30' title="bbox 170 1797 1448 1855; baseline -0.002 -19"><span class='ocrx_word' id='word_1_229' title='bbox 170 1800 330 1848; x_wconf 90' lang='lat' dir='ltr'>imperii,</span> <span class='ocrx_word' id='word_1_230' title='bbox 354 1812 472 1836; x_wconf 88' lang='lat' dir='ltr'>vacuo</span> <span class='ocrx_word' id='word_1_231' title='bbox 492 1799 539 1835; x_wconf 86' lang='lat' dir='ltr'>ab</span> <span class='ocrx_word' id='word_1_232' title='bbox 558 1812 598 1835; x_wconf 90' lang='lat' dir='ltr'>se</span> <span class='ocrx_word' id='word_1_233' title='bbox 626 1799 758 1836; x_wconf 89' lang='lat' dir='ltr'>relicto</span> <span class='ocrx_word' id='word_1_234' title='bbox 779 1799 875 1846; x_wconf 87' lang='lat' dir='ltr'>loco,</span> <span class='ocrx_word' id='word_1_235' title='bbox 903 1799 1003 1835; x_wconf 87' lang='lat' dir='ltr'>haud</span> <span class='ocrx_word' id='word_1_236' title='bbox 1033 1799 1123 1835; x_wconf 89' lang='lat' dir='ltr'>satis</span> <span class='ocrx_word' id='word_1_237' title='bbox 1142 1798 1267 1855; x_wconf 81' lang='lat' dir='ltr'>dignis</span> <span class='ocrx_word' id='word_1_238' title='bbox 1285 1797 1448 1847; x_wconf 87' lang='lat' dir='ltr'>pateret)</span> 
     </span>
     <span class='ocr_line' id='line_1_31' title="bbox 170 1849 1493 1900; baseline -0.002 -13"><span class='ocrx_word' id='word_1_239' title='bbox 170 1859 393 1900; x_wconf 89' lang='lat' dir='ltr'>prensarent</span> <span class='ocrx_word' id='word_1_240' title='bbox 412 1851 608 1887; x_wconf 88' lang='lat' dir='ltr'>homines·</span> <span class='ocrx_word' id='word_1_241' title='bbox 600 1879 610 1895; x_wconf 91' lang='lat'>,</span> <span class='ocrx_word' id='word_1_242' title='bbox 649 1852 842 1897; x_wconf 74' lang='lat' dir='ltr'>honorem,</span> <span class='ocrx_word' id='word_1_243' title='bbox 863 1864 1008 1887; x_wconf 87' lang='lat' dir='ltr'>summa</span> <span class='ocrx_word' id='word_1_244' title='bbox 1036 1863 1106 1899; x_wconf 93' lang='lat' dir='ltr'>ope</span> <span class='ocrx_word' id='word_1_245' title='bbox 1134 1863 1156 1886; x_wconf 88' lang='lat' dir='ltr'>a</span> <span class='ocrx_word' id='word_1_246' title='bbox 1183 1862 1222 1886; x_wconf 91' lang='lat' dir='ltr'>se</span> <span class='ocrx_word' id='word_1_247' title='bbox 1252 1849 1493 1898; x_wconf 83' lang='lat' dir='ltr'>impugna-30</span> 
     </span>
     <span class='ocr_line' id='line_1_32' title="bbox 170 1901 1449 1960; baseline -0.002 -20"><span class='ocrx_word' id='word_1_248' title='bbox 170 1911 262 1949; x_wconf 87' lang='lat' dir='ltr'>tum,</span> <span class='ocrx_word' id='word_1_249' title='bbox 283 1904 330 1939; x_wconf 86' lang='lat' dir='ltr'>ab</span> <span class='ocrx_word' id='word_1_250' title='bbox 349 1916 392 1939; x_wconf 78' lang='lat' dir='ltr'>ea</span> <span class='ocrx_word' id='word_1_251' title='bbox 412 1903 535 1960; x_wconf 89' lang='lat' dir='ltr'>plebe,</span> <span class='ocrx_word' id='word_1_252' title='bbox 555 1915 642 1939; x_wconf 91' lang='lat' dir='ltr'>cum</span> <span class='ocrx_word' id='word_1_253' title='bbox 668 1915 739 1950; x_wconf 82' lang='lat' dir='ltr'>qua</span> <span class='ocrx_word' id='word_1_254' title='bbox 760 1903 1046 1946; x_wconf 86' lang='lat' dir='ltr'>contenderant,</span> <span class='ocrx_word' id='word_1_255' title='bbox 1076 1901 1293 1950; x_wconf 89' lang='lat' dir='ltr'>suppliciter</span> <span class='ocrx_word' id='word_1_256' title='bbox 1321 1909 1449 1960; x_wconf 85' lang='lat' dir='ltr'>peten-</span> 
     </span>
     <span class='ocr_line' id='line_1_33' title="bbox 167 1954 1448 2015; baseline -0.001 -23"><span class='ocrx_word' id='word_1_257' title='bbox 167 1962 235 1992; x_wconf 84' lang='lat' dir='ltr'>tes.</span> <span class='ocrx_word' id='word_1_258' title='bbox 292 1955 467 1991; x_wconf 87' lang='lat' dir='ltr'>Demissa</span> <span class='ocrx_word' id='word_1_259' title='bbox 491 1955 568 2004; x_wconf 85' lang='lat' dir='ltr'>jam</span> <span class='ocrx_word' id='word_1_260' title='bbox 598 1954 636 1991; x_wconf 92' lang='lat' dir='ltr'>in</span> <span class='ocrx_word' id='word_1_261' title='bbox 664 1955 867 1990; x_wconf 87' lang='lat' dir='ltr'>discrimen</span> <span class='ocrx_word' id='word_1_262' title='bbox 897 1955 1074 2003; x_wconf 83' lang='lat' dir='ltr'>dignitas,</span> <span class='ocrx_word' id='word_1_263' title='bbox 1104 1967 1150 1990; x_wconf 91' lang='lat' dir='ltr'>ea</span> <span class='ocrx_word' id='word_1_264' title='bbox 1179 1961 1300 2000; x_wconf 76' lang='lat' dir='ltr'>aetate,</span> <span class='ocrx_word' id='word_1_265' title='bbox 1329 1954 1448 2015; x_wconf 89' lang='lat' dir='ltr'>iisque</span> 
     </span>
     <span class='ocr_line' id='line_1_34' title="bbox 169 2006 1448 2055; baseline -0.001 -11"><span class='ocrx_word' id='word_1_266' title='bbox 169 2007 373 2044; x_wconf 91' lang='lat' dir='ltr'>honoribus</span> <span class='ocrx_word' id='word_1_267' title='bbox 393 2007 498 2053; x_wconf 85' lang='lat' dir='ltr'>actis,</span> <span class='ocrx_word' id='word_1_268' title='bbox 520 2006 735 2043; x_wconf 84' lang='lat' dir='ltr'>stimulabat</span> <span class='ocrx_word' id='word_1_269' title='bbox 756 2007 822 2055; x_wconf 89' lang='lat' dir='ltr'>Ap.</span> <span class='ocrx_word' id='word_1_270' title='bbox 838 2006 1052 2043; x_wconf 89' lang='lat' dir='ltr'>Claudium.</span> <span class='ocrx_word' id='word_1_271' title='bbox 1108 2006 1300 2052; x_wconf 85' lang='lat' dir='ltr'>Nescires,</span> <span class='ocrx_word' id='word_1_272' title='bbox 1322 2006 1448 2043; x_wconf 83' lang='lat' dir='ltr'>utrum</span> 
     </span>
     <span class='ocr_line' id='line_1_35' title="bbox 169 2057 1448 2106; baseline -0.001 -10"><span class='ocrx_word' id='word_1_273' title='bbox 169 2059 265 2096; x_wconf 86' lang='lat' dir='ltr'>inter</span> <span class='ocrx_word' id='word_1_274' title='bbox 285 2059 531 2102; x_wconf 89' lang='lat' dir='ltr'>decemviros,</span> <span class='ocrx_word' id='word_1_275' title='bbox 553 2072 601 2095; x_wconf 87' lang='lat' dir='ltr'>an</span> <span class='ocrx_word' id='word_1_276' title='bbox 631 2059 730 2095; x_wconf 83' lang='lat' dir='ltr'>inter</span> <span class='ocrx_word' id='word_1_277' title='bbox 759 2059 993 2101; x_wconf 86' lang='lat' dir='ltr'>candidatos,</span> <span class='ocrx_word' id='word_1_278' title='bbox 1010 2071 1238 2095; x_wconf 75' lang='lat' dir='ltr'>numerares.</span> <span class='ocrx_word' id='word_1_279' title='bbox 1296 2057 1448 2106; x_wconf 85' lang='lat' dir='ltr'>Propior</span> 
     </span>
     <span class='ocr_line' id='line_1_36' title="bbox 168 2111 1493 2160; baseline -0.001 -12"><span class='ocrx_word' id='word_1_280' title='bbox 168 2111 357 2148; x_wconf 87' lang='lat' dir='ltr'>interdum</span> <span class='ocrx_word' id='word_1_281' title='bbox 376 2111 551 2160; x_wconf 89' lang='lat' dir='ltr'>petendo,</span> <span class='ocrx_word' id='word_1_282' title='bbox 572 2111 682 2159; x_wconf 66' lang='lat' dir='ltr'>quam</span> <span class='ocrx_word' id='word_1_283' title='bbox 695 2111 874 2160; x_wconf 85' lang='lat' dir='ltr'>gerendo,</span> <span class='ocrx_word' id='word_1_284' title='bbox 892 2111 1123 2160; x_wconf 84' lang='lat' dir='ltr'>magistratui</span> <span class='ocrx_word' id='word_1_285' title='bbox 1140 2118 1220 2147; x_wconf 86' lang='lat' dir='ltr'>erat</span> <span class='ocrx_word' id='word_1_286' title='bbox 1237 2123 1244 2147; x_wconf 91' lang='lat'>:</span> <span class='ocrx_word' id='word_1_287' title='bbox 1273 2111 1493 2147; x_wconf 83' lang='lat' dir='ltr'>crimina-³5</span> 
     </span>
     <span class='ocr_line' id='line_1_37' title="bbox 168 2163 1447 2212; baseline -0.001 -12"><span class='ocrx_word' id='word_1_288' title='bbox 168 2164 198 2200; x_wconf 91' lang='lat' dir='ltr'>ri</span> <span class='ocrx_word' id='word_1_289' title='bbox 227 2164 439 2212; x_wconf 87' lang='lat' dir='ltr'>optimates,</span> <span class='ocrx_word' id='word_1_290' title='bbox 470 2163 647 2200; x_wconf 86' lang='lat' dir='ltr'>extoliere</span> <span class='ocrx_word' id='word_1_291' title='bbox 690 2163 974 2199; x_wconf 84' lang='lat' dir='ltr'>candidatorum</span> <span class='ocrx_word' id='word_1_292' title='bbox 1003 2163 1232 2199; x_wconf 88' lang='lat' dir='ltr'>levissimum</span> <span class='ocrx_word' id='word_1_293' title='bbox 1261 2175 1447 2211; x_wconf 89' lang='lat' dir='ltr'>quemque</span> 
     </span>
     <span class='ocr_line' id='line_1_38' title="bbox 168 2215 1447 2264; baseline 0 -13"><span class='ocrx_word' id='word_1_294' title='bbox 168 2216 518 2263; x_wconf 86' lang='lat' dir='ltr'>humillimumque:</span> <span class='ocrx_word' id='word_1_295' title='bbox 549 2216 627 2264; x_wconf 89' lang='lat' dir='ltr'>ipse</span> <span class='ocrx_word' id='word_1_296' title='bbox 646 2215 793 2252; x_wconf 90' lang='lat' dir='ltr'>medius</span> <span class='ocrx_word' id='word_1_297' title='bbox 814 2215 909 2251; x_wconf 87' lang='lat' dir='ltr'>inter</span> <span class='ocrx_word' id='word_1_298' title='bbox 929 2215 1151 2251; x_wconf 86' lang='lat' dir='ltr'>tribunicios</span> <span class='ocrx_word' id='word_1_299' title='bbox 1179 2215 1326 2251; x_wconf 90' lang='lat' dir='ltr'>Duilios</span> <span class='ocrx_word' id='word_1_300' title='bbox 1346 2215 1447 2251; x_wconf 87' lang='lat' dir='ltr'>Icili-</span> 
     </span>
     <span class='ocr_line' id='line_1_39' title="bbox 166 2267 1446 2316; baseline 0 -13"><span class='ocrx_word' id='word_1_301' title='bbox 166 2280 282 2315; x_wconf 90' lang='lat' dir='ltr'>osque</span> <span class='ocrx_word' id='word_1_302' title='bbox 312 2268 350 2304; x_wconf 92' lang='lat' dir='ltr'>in</span> <span class='ocrx_word' id='word_1_303' title='bbox 381 2268 458 2304; x_wconf 89' lang='lat' dir='ltr'>foro</span> <span class='ocrx_word' id='word_1_304' title='bbox 487 2268 653 2311; x_wconf 84' lang='lat' dir='ltr'>volitare,</span> <span class='ocrx_word' id='word_1_305' title='bbox 682 2280 748 2316; x_wconf 88' lang='lat' dir='ltr'>per</span> <span class='ocrx_word' id='word_1_306' title='bbox 776 2267 858 2304; x_wconf 87' lang='lat' dir='ltr'>illos</span> <span class='ocrx_word' id='word_1_307' title='bbox 887 2280 926 2303; x_wconf 91' lang='lat' dir='ltr'>se</span> <span class='ocrx_word' id='word_1_308' title='bbox 955 2267 1054 2315; x_wconf 87' lang='lat' dir='ltr'>plebi</span> <span class='ocrx_word' id='word_1_309' title='bbox 1076 2267 1289 2311; x_wconf 82' lang='lat' dir='ltr'>venditare;</span> <span class='ocrx_word' id='word_1_310' title='bbox 1324 2267 1446 2303; x_wconf 87' lang='lat' dir='ltr'>donec</span> 
     </span>
     <span class='ocr_line' id='line_1_40' title="bbox 166 2319 1444 2379; baseline 0 -24"><span class='ocrx_word' id='word_1_311' title='bbox 166 2319 322 2379; x_wconf 61' lang='lat' dir='ltr'>collegae</span> <span class='ocrx_word' id='word_1_312' title='bbox 341 2332 502 2377; x_wconf 77' lang='lat' dir='ltr'>quoque,</span> <span class='ocrx_word' id='word_1_313' title='bbox 521 2320 583 2367; x_wconf 91' lang='lat' dir='ltr'>qui</span> <span class='ocrx_word' id='word_1_314' title='bbox 606 2319 716 2356; x_wconf 90' lang='lat' dir='ltr'>unice</span> <span class='ocrx_word' id='word_1_315' title='bbox 740 2319 789 2355; x_wconf 92' lang='lat' dir='ltr'>illi</span> <span class='ocrx_word' id='word_1_316' title='bbox 810 2319 927 2355; x_wconf 87' lang='lat' dir='ltr'>dediti</span> <span class='ocrx_word' id='word_1_317' title='bbox 959 2319 1106 2355; x_wconf 83' lang='lat' dir='ltr'>fuerant</span> <span class='ocrx_word' id='word_1_318' title='bbox 1135 2319 1180 2355; x_wconf 84' lang='lat' dir='ltr'>ad</span> <span class='ocrx_word' id='word_1_319' title='bbox 1215 2319 1251 2355; x_wconf 93' lang='lat' dir='ltr'>id</span> <span class='ocrx_word' id='word_1_320' title='bbox 1284 2326 1444 2367; x_wconf 91' lang='lat' dir='ltr'>tempus,</span> 
     </span>
     <span class='ocr_line' id='line_1_41' title="bbox 167 2371 1490 2420; baseline -0.001 -13"><span class='ocrx_word' id='word_1_321' title='bbox 167 2371 367 2420; x_wconf 85' lang='lat' dir='ltr'>conjecere</span> <span class='ocrx_word' id='word_1_322' title='bbox 389 2371 425 2407; x_wconf 92' lang='lat' dir='ltr'>in</span> <span class='ocrx_word' id='word_1_323' title='bbox 455 2383 540 2407; x_wconf 88' lang='lat' dir='ltr'>eum</span> <span class='ocrx_word' id='word_1_324' title='bbox 570 2372 712 2414; x_wconf 80' lang='lat' dir='ltr'>oculos,</span> <span class='ocrx_word' id='word_1_325' title='bbox 743 2372 923 2407; x_wconf 86' lang='lat' dir='ltr'>mirantes</span> <span class='ocrx_word' id='word_1_326' title='bbox 943 2371 1030 2419; x_wconf 88' lang='lat' dir='ltr'>quid</span> <span class='ocrx_word' id='word_1_327' title='bbox 1051 2371 1121 2408; x_wconf 90' lang='lat' dir='ltr'>sibi</span> <span class='ocrx_word' id='word_1_328' title='bbox 1142 2371 1263 2408; x_wconf 90' lang='lat' dir='ltr'>vellet.</span> <span class='ocrx_word' id='word_1_329' title='bbox 1320 2372 1490 2419; x_wconf 60' lang='lat' dir='ltr'>Appii-40</span> 
     </span>
     <span class='ocr_line' id='line_1_42' title="bbox 167 2422 1446 2472; baseline 0.001 -13"><span class='ocrx_word' id='word_1_330' title='bbox 167 2435 262 2465; x_wconf 89' lang='lat' dir='ltr'>rere,</span> <span class='ocrx_word' id='word_1_331' title='bbox 284 2423 376 2459; x_wconf 90' lang='lat' dir='ltr'>nihil</span> <span class='ocrx_word' id='word_1_332' title='bbox 394 2423 530 2459; x_wconf 88' lang='lat' dir='ltr'>sinceri</span> <span class='ocrx_word' id='word_1_333' title='bbox 551 2436 655 2460; x_wconf 89' lang='lat' dir='ltr'>esse:</span> <span class='ocrx_word' id='word_1_334' title='bbox 713 2425 736 2445; x_wconf 89' lang='lat'><strong>“</strong></span> <span class='ocrx_word' id='word_1_335' title='bbox 750 2422 921 2459; x_wconf 57' lang='lat' dir='ltr'>Profecto</span> <span class='ocrx_word' id='word_1_336' title='bbox 943 2424 1041 2460; x_wconf 85' lang='lat' dir='ltr'>haud</span> <span class='ocrx_word' id='word_1_337' title='bbox 1062 2424 1260 2472; x_wconf 83' lang='lat' dir='ltr'>gratuitam</span> <span class='ocrx_word' id='word_1_338' title='bbox 1283 2423 1320 2459; x_wconf 90' lang='lat' dir='ltr'>in</span> <span class='ocrx_word' id='word_1_339' title='bbox 1341 2424 1446 2460; x_wconf 85' lang='lat' dir='ltr'>tanta</span> 
     </span>
     <span class='ocr_line' id='line_1_43' title="bbox 166 2475 1446 2525; baseline 0.001 -13"><span class='ocrx_word' id='word_1_340' title='bbox 166 2475 340 2525; x_wconf 83' lang='lat' dir='ltr'>superbia</span> <span class='ocrx_word' id='word_1_341' title='bbox 370 2475 583 2512; x_wconf 85' lang='lat' dir='ltr'>comitatem</span> <span class='ocrx_word' id='word_1_342' title='bbox 614 2475 717 2512; x_wconf 85' lang='lat' dir='ltr'>sore:</span> <span class='ocrx_word' id='word_1_343' title='bbox 773 2475 931 2512; x_wconf 86' lang='lat' dir='ltr'>nimium</span> <span class='ocrx_word' id='word_1_344' title='bbox 971 2476 1008 2512; x_wconf 91' lang='lat' dir='ltr'>in</span> <span class='ocrx_word' id='word_1_345' title='bbox 1048 2476 1217 2513; x_wconf 87' lang='lat' dir='ltr'>ordinem</span> <span class='ocrx_word' id='word_1_346' title='bbox 1254 2487 1293 2511; x_wconf 85' lang='lat' dir='ltr'>se</span> <span class='ocrx_word' id='word_1_347' title='bbox 1324 2475 1446 2524; x_wconf 83' lang='lat' dir='ltr'>ipsum</span> 
     </span>
    </p>
   </div>
   <div class='ocr_carea' id='block_1_4' title="bbox 1598 946 1607 1662">
    <p class='ocr_par' dir='ltr' id='par_1_7' title="bbox 1598 946 1607 1662">
     <span class='ocr_line' id='line_1_44' title="bbox 1598 946 1607 1662; baseline 0 0"><span class='ocrx_word' id='word_1_348' title='bbox 1598 946 1607 1662; x_wconf 95' lang='lat' dir='ltr'> </span> 
     </span>
    </p>
   </div>
   <div class='ocr_carea' id='block_1_5' title="bbox 1593 0 1617 2765">
    <p class='ocr_par' dir='ltr' id='par_1_8' title="bbox 1593 0 1617 2765">
     <span class='ocr_line' id='line_1_45' title="bbox 1593 0 1617 2765; baseline 0 0"><span class='ocrx_word' id='word_1_349' title='bbox 1593 0 1617 2765; x_wconf 95' lang='lat' dir='ltr'> </span> 
     </span>
    </p>
   </div>
  </div>
 </body>
</html>
