1617 2765
590 165 726 196 LIBER
748 164 819 194 XL.
852 172 932 194 CAP.
958 173 988 194 x.
1381 163 1458 201 269

176 265 273 298 “me
306 273 350 298 ac
380 273 483 297 meos
511 260 610 295 vinci
645 270 776 308 passus
805 270 898 293 sum.
956 256 1018 292 Ab
1039 256 1162 291 hostili
1198 256 1338 303 proelio,
1369 265 1459 293 tam-

177 318 200 338 “
214 327 324 362 quam
364 313 526 349 fraterno
561 311 658 357 lusu,
689 311 903 358 pertrahere
947 321 1005 344 me
1035 308 1081 343 ad
1117 320 1268 343 coenam
1299 309 1458 346 voluisti.

176 366 360 410 “Credis
381 377 453 409 me,
474 371 589 412 pater,
610 363 707 399 inter
729 363 891 398 inermes
911 360 1089 397 convivas
1115 368 1351 396 coenaturum
1375 361 1461 397 luis-

177 422 200 442 “
213 431 266 461 se,
297 417 341 452 ad
373 428 484 464 quem
515 415 648 452 armati
679 415 920 451 comissatum
956 419 1139 448 venerunt
1160 413 1173 447 Τ
1222 413 1346 448 credis
1366 413 1459 449 nihil

141 473 236 506 5“a
262 468 397 518 gladiis
425 474 536 504 nocte
578 467 787 516 periculum
828 466 952 509 fuisse
982 477 1094 513 quem
1133 464 1302 506 sudibus,
1342 472 1377 500 te
1408 465 1462 501 iu-

177 526 430 580 “spectante,
442 533 554 569 prope
575 519 824 556 occiderunt?
878 517 986 557 Quid
1018 518 1089 553 hoc
1120 517 1251 561 noctis,
1282 517 1399 564 quid
1392 517 1461 553 ini-

178 574 336 610 “micus
355 573 401 609 ad
422 573 569 617 iratum,
590 572 677 620 quid
700 584 787 607 cum
809 571 904 607 ferro
934 569 1140 606 succinctis
1165 568 1368 617 juvenibus
1401 582 1462 606 ve-

178 630 201 649 “
216 626 299 662 nis?
355 625 562 661 Convivam
584 637 642 660 me
663 624 729 660 tibi
750 623 985 660 committere
1013 635 1126 657 ausus
1156 634 1231 657 non
1252 634 1359 657 sum·
1352 651 1359 666 ,
1401 635 1463 658 co-

178 682 201 700 “
216 677 448 714 missatorem
468 684 503 713 te
524 689 611 713 cum
633 676 785 713 armatis
807 675 1020 712 venientem
1040 673 1219 722 recipiam
1238 675 1251 709 Ἔ
1298 674 1338 710 Si
1359 687 1464 722 aper-

135 741 163 765 ιο
177 733 201 753 “
215 736 253 766 ta
277 729 396 779 janua
426 730 568 775 fuisset,
599 729 712 765 funus
733 741 857 765 meum
879 740 1028 776 parares
1050 728 1120 762 hoc
1140 734 1321 775 tempore,
1345 734 1460 775 pater,

177 785 287 830 “quo
316 789 535 830 querentem
574 781 693 817 audis.
768 780 874 817 Nihil
909 793 991 828 ego,
1030 786 1220 827 tamquam
1250 787 1463 822 accusator,

178 834 418 871 “criminose
452 847 525 870 nec
554 834 669 870 dubia
701 832 934 882 argumentis
970 832 1183 880 colligendo
1217 844 1299 880 ago.
1355 831 1464 870 Quid

178 887 349 923 “enim'!
379 894 493 935 negat
513 899 552 922 se
582 899 669 922 cum
699 885 940 922 multitudine
961 885 1107 920 venisse
1138 884 1184 919 ad
1211 884 1366 933 januam
1388 897 1464 920 me-

179 940 306 976 “arn'l
349 952 396 975 an
418 939 514 975 ferro
546 939 761 975 succinctos
791 950 920 974 secum
956 937 1099 973 fuisse?
1154 935 1266 975 Quos
1296 936 1465 972 nomina-

136 1002 165 1026 15
179 996 203 1014 ⁴⁶
216 1004 316 1037 vero,
336 1004 508 1027 arcesse:
537 998 693 1039 possunt
711 990 863 1038 quidem
883 989 1012 1025 omnia
1041 989 1194 1030 audere,
1225 989 1287 1036 qui
1310 989 1382 1025 hoc
1402 1001 1466 1024 au-

179 1047 202 1066 ‘⁶
215 1043 245 1079 si
275 1050 389 1087 sunt3
436 1055 511 1079 non
551 1050 677 1078 tamen
708 1042 902 1077 audebunt
931 1053 1082 1089 negare.
1141 1041 1181 1076 Si
1211 1041 1466 1089 deprehensos

179 1095 314 1132 “intra
335 1095 449 1131 limen
471 1108 597 1131 meum
628 1107 716 1130 cum
737 1093 834 1130 ferro
854 1094 900 1129 ad
931 1102 967 1129 te
988 1093 1231 1136 deducerem,
1263 1106 1328 1141 pro
1348 1092 1467 1129 mani-

180 1152 204 1171 “
219 1147 313 1195 festo
334 1148 513 1184 haberes:
545 1148 705 1183 fatentes
723 1159 790 1194 pro
809 1146 1054 1194 deprehensis
1075 1145 1183 1181 habe.

234 1252 284 1289 X.
326 1257 349 1276 “
363 1252 575 1289 Exsecrare
596 1264 699 1289 nunc
720 1251 964 1300 cupiditatem
987 1250 1106 1300 regni,
1126 1258 1164 1287 et
1183 1250 1318 1287 Furias
1339 1250 1467 1287 frater-

135 1317 167 1342 20
181 1309 205 1328 ‘'-
219 1317 287 1341 nas
307 1306 482 1342 concita:
513 1306 592 1348 sed,
613 1318 661 1341 ne
681 1305 756 1341 sint
775 1317 902 1347 caecae,
928 1311 1042 1352 pater,
1076 1303 1360 1340 exsecrationes
1379 1311 1465 1346 tuae,

181 1358 393 1394 “discerne
414 1365 451 1394 et
469 1358 612 1406 dispice
634 1357 891 1393 insidiatorem
912 1364 949 1393 et
969 1357 1126 1405 petitum
1149 1356 1294 1392 insidiis
1312 1369 1319 1392 :
1363 1356 1468 1392 noxi-

182 1413 206 1432 “
221 1423 282 1446 um
306 1409 414 1460 [huic
434 1411 533 1459 esse]
556 1417 680 1459 caput.
735 1409 816 1448 Qui
837 1409 1034 1445 occisurus
1055 1408 1204 1444 fratrem
1229 1408 1311 1453 suit,
1332 1408 1469 1444 habeat

181 1463 333 1499 “etiam
354 1463 466 1499 iratos
485 1471 661 1511 paternos
682 1462 805 1498 Deos:
835 1462 896 1509 qui
917 1461 1104 1509 periturus
1136 1461 1299 1497 fraterno
1325 1460 1468 1497 scelere

182 1515 300 1559 “suit,
338 1515 551 1563 perfugium
588 1516 623 1551 in
654 1515 770 1563 patris
806 1514 1061 1550 misericordia
1083 1520 1120 1549 et
1145 1514 1288 1562 justitia
1319 1513 1468 1549 habeat.

136 1566 310 1606 25“Qu6
328 1568 430 1604 enim
451 1566 522 1603 alio
543 1567 774 1616 confugiam,
810 1566 872 1602 cui
903 1579 978 1602 non
1009 1566 1164 1602 solenne
1194 1566 1346 1601 lustrale
1367 1578 1471 1601 exer-

183 1618 324 1656 “citfis
343 1620 411 1666 tui,
432 1632 507 1655 non
537 1620 721 1655 decursus
751 1619 925 1665 militum,
956 1631 1030 1655 non
1060 1619 1206 1663 domus,
1228 1631 1303 1654 non
1334 1618 1469 1666 epulae,

184 1674 297 1708 “non
327 1684 413 1718 nox,
444 1672 490 1708 ad
519 1671 684 1720 quietem
714 1672 801 1707 data
840 1679 983 1707 naturae
1023 1671 1209 1707 beneficio
1238 1670 1469 1715 mortalibus,

184 1726 301 1760 “tuta
334 1725 418 1760 est‘l
477 1724 517 1760 Si
549 1725 626 1760 iero
656 1724 702 1759 ad
733 1723 885 1759 fratrem
917 1723 1106 1765 invitatus,
1135 1722 1371 1759 moriendum
1392 1730 1470 1758 est:

184 1777 253 1812 “si
273 1788 452 1824 recepero
469 1776 566 1812 intra
581 1776 738 1825 januam
769 1776 1012 1812 comissatum
1044 1775 1208 1817 fratrem,
1234 1775 1472 1811 moriendum

139 1830 209 1863 3ο“
222 1835 303 1865 est:
344 1841 416 1865 nec
448 1829 585 1873 eundo,
620 1841 692 1864 nec
723 1828 913 1864 manendo
943 1828 1099 1863 insidias
1127 1828 1236 1864 evito.
1291 1826 1382 1866 Quo
1412 1839 1472 1863 me

185 1881 442 1917 “conferam‘l
499 1881 617 1926 Nihil,
639 1889 773 1930 praeter
803 1881 917 1925 Deos,
948 1888 1066 1928 pater,
1096 1887 1133 1916 et
1161 1888 1210 1926 te,
1231 1879 1357 1916 colui:
1396 1892 1472 1915 non

185 1933 420 1970 “Romanos
457 1934 589 1977 habeo,
622 1934 667 1969 ad
698 1946 789 1981 quos
820 1932 1061 1981 confugiam:
1110 1933 1248 1981 perisse
1277 1938 1472 1980 expetunt,

185 1986 310 2034 “quia
328 1985 401 2022 tuis
421 1986 568 2033 injuriis
587 1985 709 2028 doleo,
730 1985 817 2033 quia
847 1985 1041 2033 ademptas
1076 1992 1128 2021 tot
1156 1984 1280 2027 urbes,
1313 1992 1366 2020 tot
1384 1997 1475 2033 gen-

187 2039 293 2084 “tes‚
314 2038 426 2074 modo
447 2038 626 2074 Thraciae
646 2038 873 2074 maritimam
893 2050 1010 2080 oram,
1046 2037 1235 2086 indignor.
1293 2036 1379 2073 Nec
1413 2049 1474 2073 me

141 2099 172 2124 35
187 2092 211 2112 ‘⁶
227 2103 299 2126 nec
319 2097 355 2126 te
376 2090 570 2137 incolumi,
594 2090 860 2126 Macedoniam
891 2103 997 2126 suam
1019 2089 1180 2126 futuram
1211 2096 1374 2138 sperant.
1434 2089 1474 2126 Si

188 2143 212 2164 “
226 2155 284 2178 me
305 2142 429 2178 scelus
450 2142 584 2188 fratris,
604 2150 640 2178 te
661 2150 851 2189 senectus,
883 2143 1146 2190 absumpserit,
1179 2150 1243 2179 aut
1263 2155 1311 2178 ne
1331 2154 1377 2178 ea
1395 2142 1475 2190 qui-

188 2195 312 2231 “dem
333 2202 550 2243 exspectata
571 2194 693 2238 fuerit,
724 2208 851 2244 regem
883 2207 1117 2243 regnumque
1149 2194 1388 2231 Macedoniae
1408 2207 1477 2231 sua

188 2247 350 2284 “futura
369 2247 506 2284 sciunt.
564 2247 605 2284 Si
624 2248 712 2296 quid
732 2255 838 2284 extra
859 2247 1127 2284 Macedoniam
1148 2248 1215 2284 tibi
1237 2247 1403 2284 Romani
1421 2260 1476 2283 re-

190 2299 436 2348 “liquissent,
467 2300 557 2336 mihi
578 2313 724 2348 quoque
758 2301 794 2337 id
826 2300 999 2338 relictum
1033 2300 1229 2337 crederem
1256 2307 1476 2347 receptacu-

145 2352 317 2388 40⁶⁶lum.
374 2359 382 2374 ‘
399 2353 452 2388 At
490 2353 526 2388 in
566 2353 839 2390 Macedonibus
868 2353 958 2390 satis
994 2353 1159 2402 praesidii
1197 2353 1279 2389 est.’
1336 2352 1475 2387 Vidisti

191 2405 404 2442 “hesterno
429 2405 490 2441 die
511 2405 690 2453 impetum
721 2406 757 2442 in
789 2419 848 2442 me
880 2406 1053 2442 militum.
1110 2405 1218 2444 Quid
1253 2405 1324 2441 illis
1343 2403 1474 2448 defuit,

193 2457 302 2494 “nisi
325 2458 494 2494 ferrum‘.l
550 2457 668 2496 Quod
690 2458 762 2494 illis
792 2459 911 2495 defuit
945 2458 1122 2501 interdiu,
1153 2457 1319 2494 conviva:
1355 2456 1477 2493 fratris

583 2510 659 2546 ⁴23*
