1617 2765
184 182 236 219 30
714 181 805 212 ΤΙΤΙ
828 181 940 212 L1V11

186 276 410 314 audiebatur
426 291 434 322 3
466 276 673 326 pulvisque,
694 289 740 313 ex
760 276 986 313 distantibus
1004 276 1098 313 locis
1115 284 1232 320 ortus,
1249 275 1350 313 velut
1365 276 1466 313 nube

186 328 344 366 inducta
362 330 490 366 onmia
510 329 753 377 impleverat3
797 329 943 377 raptim,
977 329 1113 377 quibus
1132 329 1288 377 quisque
1309 336 1465 377 poterat,

185 381 307 428 elatis,
326 394 442 430 quum
462 382 577 418 larem
599 394 643 417 ac
657 388 812 428 penates
827 388 1015 429 tectaque,
1037 382 1074 417 in
1095 382 1230 430 quibus
1243 388 1353 417 natus
1368 381 1466 429 quis-

184 446 257 482 que
277 434 535 481 educatusque
555 439 666 479 esset,
697 433 952 481 relinquentes
981 433 1139 477 exirent,
1167 433 1244 482 jam
1265 433 1466 470 continens

184 498 321 535 agmen
342 485 585 534 migrantium
607 485 825 533 impleverat
845 486 947 530 vias;
990 493 1028 522 et
1060 493 1289 534 conspectus
1309 485 1466 521 aliorum
1495 497 1509 523 5

183 538 317 574 mutua
346 537 586 574 miseratione
624 537 836 585 integrabat
872 537 1058 586 lacrymas
1075 551 1083 574 ε
1131 550 1314 585 vocesque
1352 537 1467 573 etiarn

184 590 419 626 miserabiles
438 590 762 634 exaudiebantur-3
803 590 1003 626 mulierum
1034 591 1238 638 praecipue,
1269 602 1383 637 quum
1403 589 1468 625 ob-

183 655 288 679 sessa
307 643 354 679 ab
374 642 526 679 armatis
546 642 686 690 templa
705 649 865 691 augusta
883 643 1132 690 praeterirent‚
1153 655 1197 678 ac
1218 642 1318 678 velut
1337 648 1467 689 captos

184 695 440 743 relinquerent
464 694 600 732 ‘Deos
676 694 848 742 Egressis
886 695 1016 731 urbem
1055 695 1229 741 Albanis,
1268 694 1467 730 Romanus

183 747 322 795 passim
343 747 495 795 publica
514 747 730 795 privataque
753 746 882 782 omnia
911 753 1012 782 tecta
1041 747 1215 794 adaequat
1234 746 1333 790 solo;
1375 745 1467 781 una·
1482 758 1512 782 10

182 811 255 847 que
276 800 367 835 hora
386 799 747 847 quadringentorum
769 810 953 834 annorum
982 811 1087 846 opus,
1120 799 1256 846 quibus
1276 798 1376 833 Alba
1395 804 1468 833 ste-

182 857 290 898 terat,
311 851 481 888 exscidio
501 864 546 887 ac
567 851 685 887 ruinis
708 850 824 887 dedit.
881 850 1054 899 Templis
1085 857 1211 886 tamen
1242 849 1366 886 Deam
1397 849 1469 900 (ita

182 904 285 940 enim
305 904 474 940 edictum
495 904 542 940 ab
562 915 650 953 rege
672 903 811 953 fuerat)
831 910 1081 952 temperatum
1102 909 1169 939 est.

235 1008 369 1045 XXX.
410 1008 538 1045 Roma
567 1007 718 1045 interim
748 1008 887 1045 crescit
917 1007 1028 1044 Albae
1066 1007 1207 1044 ruinis:
1255 1007 1467 1056 duplicatur

183 1061 323 1098 civium
344 1074 536 1098 numerus.
592 1060 736 1097 Coelius
766 1061 916 1097 additur
947 1059 1029 1096 urbi
1050 1072 1179 1104 mons;
1221 1067 1272 1103 et,
1303 1073 1376 1108 quo
1397 1060 1467 1096 fre-
1481 1073 1512 1098 15

182 1113 357 1162 quentius
378 1114 622 1158 habitaretur,
642 1125 726 1148 eam
747 1113 877 1149 sedem
907 1112 1046 1148 Tullus
1069 1113 1184 1161 regiae
1206 1112 1319 1161 capit,
1340 1112 1466 1160 ibique

183 1166 374 1202 habitavit.
431 1166 629 1214 Principes
660 1165 895 1202 Albanorum
927 1165 964 1201 in
996 1165 1137 1210 Patres,
1170 1172 1209 1201 ut
1245 1177 1290 1201 ea
1320 1177 1466 1212 quoque

182 1231 269 1267 pars
289 1218 507 1267 reipublicae
528 1225 731 1260 cresceret,
763 1218 854 1266 legit
874 1217 1036 1263 Tullios,
1058 1216 1248 1260 Servilios,
1268 1216 1465 1260 Quintios,

182 1271 387 1320 Geganios,
409 1270 612 1315 Curiatios,
633 1270 811 1314 Cloelios3
841 1270 1096 1318 templumque
1109 1269 1231 1305 ordini
1252 1269 1299 1304 ab
1319 1282 1358 1305 se
1379 1281 1467 1305 auc-

184 1331 222 1360 to
250 1324 394 1360 curiam
425 1323 526 1366 fecit,
557 1335 640 1371 quae
673 1322 835 1358 Hostilia
864 1334 981 1370 usque
1012 1322 1058 1357 ad
1088 1328 1235 1369 patrum
1256 1330 1512 1359 nostrorumeo

184 1383 333 1413 aetatem
354 1376 538 1425 appellata
557 1383 636 1412 est:
666 1382 715 1421 et,
730 1382 770 1411 ut
788 1374 958 1411 omniurn
977 1373 1152 1410 ordinum
1167 1373 1307 1410 viribus
1327 1373 1466 1421 aliquid

182 1441 231 1465 ex
250 1441 346 1465 novo
364 1428 501 1477 populo
521 1427 758 1477 adjiceretur,
790 1427 959 1475 equitum
990 1426 1123 1462 decem
1154 1432 1295 1462 turmas
1324 1438 1371 1462 ex
1403 1425 1512 1477 ΑΙ-’ξ

184 1481 292 1517 banis
305 1481 407 1529 legit.
448 1480 637 1529 Legiones
649 1487 686 1516 et
698 1487 842 1516 veteres
855 1479 988 1516 eodem
1009 1478 1270 1525 supplemento
1289 1477 1464 1525 explevit,
1487 1493 1504 1520 ‚o

183 1540 223 1570 et
242 1546 356 1569 novas
376 1533 536 1581 scripsit.
595 1532 681 1569 Hac
711 1531 851 1568 fiducia
881 1531 1016 1567 virium
1047 1529 1187 1566 Tullus
1218 1530 1370 1566 Sabinis
1391 1529 1466 1565 bel·
1487 1536 1512 1581 Ξ

184 1585 263 1622 lum
283 1585 430 1631 indicit,
450 1584 555 1634 genti
574 1585 618 1621 ea
639 1590 859 1632 tempestate
880 1582 1093 1620 secundum
1114 1581 1294 1618 Etruscos
1314 1581 1468 1630 opulen-
1487 1584 1494 1590 '

184 1638 339 1675 tissimae
360 1638 447 1674 viris
467 1637 665 1685 armisque.
723 1636 918 1684 Utrimque
940 1634 1087 1684 injuriae
1118 1634 1239 1678 factae,
1260 1646 1305 1670 ac
1325 1647 1384 1670 res
1403 1646 1468 1670 ne·
1487 1628 1505 1686 ζ

184 1691 388 1739 quidquam
408 1697 516 1726 erant
535 1689 715 1738 repetitae.
773 1689 910 1725 Tullus
940 1688 987 1723 ad
1018 1686 1191 1723 Feroniae
1223 1686 1351 1722 fanum
1373 1698 1468 1722 mer·
1487 1691 1512 1742 ’ᾖ

186 1750 274 1779 catu
294 1743 477 1791 frequenti
508 1742 760 1790 negotiatores
790 1741 987 1778 Romanos
1016 1739 1308 1787 comprehensos
1337 1742 1513 1786 quere-3]

187 1796 305 1832 batur.
363 1795 496 1832 Sabini
517 1808 604 1831 suos
621 1794 734 1843 prius
765 1794 803 1830 in
833 1793 961 1829 lucum
992 1791 1225 1840 confugisse,
1256 1803 1301 1827 ac
1334 1790 1467 1826 Romoe

185 1855 363 1885 retentos.
420 1847 493 1883 Hae
513 1860 638 1883 causae
658 1846 746 1882 belli
767 1846 995 1882 serebantur.
1052 1843 1184 1880 Sabini
1216 1843 1315 1878 haud
1335 1855 1465 1891 parum
1480 1856 1512 1881 30

185 1913 384 1947 memores,
405 1907 442 1936 et
461 1912 614 1936 suarum
635 1899 768 1934 virium
791 1905 933 1946 partem
954 1896 1090 1933 Romae
1105 1895 1151 1931 ab
1164 1894 1279 1931 Tatio
1291 1894 1466 1937 locatam,

185 1959 225 1990 et
253 1953 468 1990 Romanam
499 1964 577 1988 rem
615 1963 734 1999 nuper
769 1950 883 1986 etiam
921 1948 1132 1997 adjectione
1170 1947 1294 1996 populi
1331 1946 1466 1983 Albani

187 2012 351 2049 auctam,
373 2004 667 2052 circumspicere
687 2009 724 2039 et
748 2002 816 2051 ipsi
836 2008 992 2038 externa
1011 2000 1160 2036 auxilia.
1217 1999 1369 2036 Etruria
1387 2005 1468 2035 erat

186 2058 325 2105 vicina,
355 2056 514 2107 proximi
545 2056 790 2093 Etruscorum
822 2054 1016 2104 Vejentes.
1082 2052 1191 2098 Inde,
1221 2052 1269 2088 ob
1299 2051 1467 2088 residuas

187 2111 370 2147 bellorum
394 2110 465 2146 iras
485 2108 646 2145 maxime
668 2107 877 2144 sollicitatis
897 2106 944 2142 ad
965 2105 1216 2142 defectionem
1238 2103 1386 2147 animis,
1408 2115 1512 2141 vo·³5

187 2163 369 2200 luntarios
398 2164 570 2205 traxere3
610 2167 648 2197 et
667 2160 766 2209 apud
797 2172 909 2208 vagos
938 2158 1119 2207 quosdam
1148 2169 1196 2193 ex
1225 2156 1327 2204 inopi
1357 2155 1466 2204 plebe

188 2216 302 2252 etiam
334 2227 480 2251 merces
509 2214 635 2250 valuit.
700 2212 858 2249 Publico
888 2210 1027 2247 auxilio
1060 2209 1164 2246 nullo
1201 2208 1319 2257 adjuti
1356 2215 1465 2245 sunt:

188 2267 376 2315 valuitque
397 2267 494 2315 apud
519 2266 697 2314 Vejentes
729 2266 832 2314 (nam
851 2264 898 2300 de
918 2262 1065 2300 caeteris
1085 2261 1215 2298 minus
1235 2261 1370 2297 mirum
1390 2260 1464 2310 est)

189 2328 300 2369 pacta
319 2332 406 2355 cum
441 2318 608 2355 Romulo
629 2317 867 2354 induciarum
888 2315 992 2352 fides.
1031 2314 1165 2354 Quum
1179 2313 1317 2350 bellum
1339 2313 1467 2350 utrim-

189 2385 261 2422 que
281 2373 427 2409 summfi
445 2384 515 2420 ope
536 2377 722 2419 pararent,
744 2369 910 2417 vertique
941 2368 978 2404 in
1009 2381 1054 2404 eo
1083 2380 1143 2404 res
1173 2367 1372 2410 videretur,
1393 2363 1512 2402 utriw

191 2426 298 2475 prisls
327 2437 430 2461 arma
460 2423 653 2467 inferrent,
683 2429 846 2470 occupat
875 2421 1013 2458 Tullus
1044 2421 1081 2456 in
1119 2432 1250 2469 agrum
1283 2417 1466 2455 Sabinum

190 2478 359 2516 transire.
417 2476 550 2525 Pugna
582 2483 687 2512 atrox
717 2474 763 2511 ad
793 2474 924 2510 silvam
955 2473 1183 2510 Malitiosam
1216 2471 1306 2514 fuit3
1346 2469 1411 2507 ubi
1429 2477 1467 2506 et
