1617 2765
590 204 726 235 LIBER
750 205 776 235 Ι.
805 211 886 233 CAP.
905 214 978 234 xm.
1368 206 1419 243 39

136 301 259 338 vidam
280 300 357 337 viro
374 298 500 336 occiso
520 311 688 340 uxorem,
708 311 821 347 quum
843 298 939 335 inter
968 298 1129 347 reliquas
1149 300 1314 347 captivas
1333 313 1420 349 cog-

137 353 217 390 nita
235 360 345 394 esset,
378 352 426 388 ob
446 351 598 387 unicam
629 351 862 388 nobilitatem
893 351 939 386 ab
968 351 1100 399 regina
1131 351 1310 388 Romana
1339 366 1421 399 pro-

137 406 291 442 hibitam
314 404 437 440 ferunt
456 404 605 440 servitio
624 411 771 451 partum
801 403 937 439 Romae
965 404 1143 446 edidisse,
1175 404 1292 440 Prisci
1325 405 1421 441 Tar-

135 457 253 506 quinii
273 457 394 493 domo.
452 456 547 492 Inde
567 463 671 492 tanto
691 455 877 492 beneficio
909 465 946 491 et
966 455 1062 492 inter
1084 456 1260 492 mulieres
1289 456 1422 493 famili-

107 509 304 545 5aritatem
326 515 489 551 auctam,
519 516 557 544 et
589 521 761 556 puerum,
797 515 837 544 ut
857 508 894 544 in
915 508 1027 544 (lomo
1043 521 1064 544 a
1083 521 1196 557 parvo
1224 509 1420 555 eductum,

135 561 173 598 in
202 561 358 598 caritate
395 568 505 609 atque
546 561 685 597 honore
729 560 865 597 fuisse:
913 560 1100 597 fortunam
1139 561 1281 604 matris,
1320 561 1421 609 quod

135 615 245 662 capt&
265 614 384 662 patrift
404 614 440 649 in
462 613 624 650 hostium
656 626 790 650 manus
819 613 975 659 venerit,
1006 620 1046 649 ut
1065 614 1172 650 serve
1201 621 1313 650 natus
1342 627 1423 650 cre-

135 666 299 710 deretur,
320 666 467 702 fecisse.

187 771 272 809 XL.
329 771 755 821 Duodequadragesimo
794 771 909 808 ferme
939 784 1053 815 anno,
1083 784 1131 808 ex
1158 784 1232 820 quo
1262 784 1422 820 regnare

92 835 122 860 ιο
135 831 300 872 coeperat
327 824 574 872 Tarquinius,
595 837 669 860 non
690 824 789 872 apud
822 837 950 873 regem
980 823 1107 867 modo,
1129 825 1194 860 sed
1224 825 1323 873 apud
1354 825 1423 861 Pa-

135 884 210 913 tres
229 877 465 925 plebemque,
485 876 597 925 longe
629 877 793 913 maximo
822 877 964 913 honore
985 877 1138 913 Servius
1158 877 1310 913 Tullius
1329 885 1421 913 erat.

134 929 238 965 Tum
275 930 377 965 Anci
416 928 480 965 filii
509 929 583 965 duo
611 929 681 965 etsi
721 936 832 965 antea
870 942 1016 977 semper
1054 942 1120 977 pro
1157 929 1423 978 indignissimo

134 981 354 1026 habuerant,
374 993 414 1017 se
434 981 553 1028 patrio
572 993 690 1028 regno
709 981 841 1017 tutoris
861 981 992 1016 fraude
1011 981 1148 1029 pulsos,
1166 994 1325 1029 regnare
1342 982 1422 1017 Ro-

134 1046 204 1070 111ae
224 1033 422 1076 advenam,
443 1045 519 1069 non
540 1032 652 1069 modo
673 1033 818 1079 civicae,
849 1034 915 1069 sed
936 1046 984 1069 ne
1006 1033 1148 1069 Italicae
1167 1034 1321 1081 quidem
1341 1034 1422 1070 stir-

90 1084 121 1121 15
133 1086 211 1134 pis3
240 1093 319 1122 tum
339 1085 546 1134 impensius
566 1085 623 1121 his
639 1085 846 1134 indignitas
862 1098 1049 1128 crescere,
1070 1086 1100 1122 si
1122 1098 1169 1122 ne
1190 1086 1236 1122 ab
1257 1086 1421 1134 Tarqui-

133 1138 210 1175 inio
228 1138 379 1186 quidem
401 1138 447 1174 ad
466 1151 506 1174 se
525 1138 664 1174 rediret
683 1151 856 1187 regnum,
871 1139 937 1174 sed
957 1150 1125 1187 praeceps
1145 1138 1233 1174 inde
1254 1151 1362 1187 porro
1375 1139 1421 1175 ad

133 1190 283 1227 servitia
301 1191 479 1234 caderet3
509 1197 550 1226 ut
569 1190 606 1226 in
627 1190 762 1227 efidem
782 1191 945 1236 civitate,
967 1198 1049 1239 post
1068 1191 1320 1228 centesimum
1342 1190 1421 1228 fere

133 1255 289 1287 annum,
308 1243 420 1291 quem
442 1242 642 1287 Romulus,
672 1243 755 1279 Deo
774 1250 993 1292 prognatus,
1018 1243 1121 1279 Deus
1141 1243 1234 1291 ipse,
1255 1244 1422 1280 tenuerit

133 1307 306 1344 regnum,
327 1295 450 1332 donec
469 1295 507 1331 in
528 1295 636 1331 terris
656 1295 781 1341 fuerit,
801 1296 838 1331 id
859 1308 988 1332 servus
1008 1297 1112 1332 serva
1133 1302 1243 1332 natus
1256 1296 1423 1344 posside-

89 1363 122 1388 20
135 1358 193 1384 at:
222 1354 302 1384 tum
318 1360 520 1384 commune
542 1347 709 1384 Romani
730 1348 907 1390 nominis,
925 1355 1004 1384 tum
1024 1347 1214 1396 praecipue
1233 1349 1268 1384 id
1282 1348 1421 1385 domus

134 1412 225 1442 stlte,
245 1399 413 1436 dedecus
433 1400 522 1445 fore,
543 1399 584 1444 si,
603 1400 705 1436 Anci
718 1400 817 1449 regis
838 1400 932 1436 virili
948 1400 1062 1448 stirpe
1078 1400 1193 1447 salva,
1215 1413 1290 1436 non
1309 1399 1421 1437 modo

135 1451 304 1498 advenis,
325 1452 390 1488 sed
410 1452 525 1488 servis
544 1452 670 1495 etiam,
691 1465 850 1501 regnum
872 1453 1007 1489 Romae
1027 1459 1182 1501 pateret.
1219 1453 1337 1489 Ferro
1356 1453 1424 1501 igi-

133 1510 193 1540 tur
212 1516 294 1540 eam
315 1517 444 1540 arcere
464 1504 732 1540 contumeliam
753 1512 933 1541 statuunt.
992 1505 1068 1540 Sed
1088 1512 1125 1540 et
1145 1505 1292 1554 injuriae
1318 1505 1422 1542 dolor

133 1555 173 1592 in
193 1556 444 1604 Tarquinium
465 1556 586 1604 ipsum
608 1557 741 1605 magis,
762 1557 873 1604 qufim
901 1557 939 1593 in
961 1557 1148 1600 Servium,
1172 1570 1236 1593 eos
1257 1557 1424 1593 stimula-

88 1608 223 1649 25bat:
251 1616 288 1645 et
307 1609 395 1657 quia
412 1608 559 1657 gravior
591 1609 687 1645 ultor
716 1609 842 1654 caedis,
875 1609 906 1645 si
936 1616 1162 1658 superesset,
1189 1622 1255 1646 rex
1275 1609 1423 1646 futurus

134 1667 226 1703 erat,
254 1662 366 1709 qufim
401 1661 569 1709 privatus
589 1673 598 1697 z
653 1668 748 1707 tum,
796 1661 927 1698 Servio
962 1661 1105 1707 occiso,
1143 1675 1422 1710 quemcumque

135 1712 248 1749 alium
276 1726 458 1762 generum
498 1713 713 1762 delegisset,
756 1714 934 1750 eumdem
971 1715 1077 1762 regni
1117 1715 1307 1750 haeredem
1347 1715 1423 1751 fac-

135 1772 240 1802 turus
258 1766 465 1802 videbatur.
523 1765 586 1802 Ob
617 1766 698 1802 haec
727 1766 797 1814 ipsi
830 1767 910 1815 regi
940 1766 1087 1802 insidiae
1116 1774 1305 1815 parantur.
1364 1767 1422 1804 Ex

133 1818 346 1866 pastoribus
375 1819 450 1854 duo
484 1818 708 1867 ferocissimi
729 1819 865 1855 delecti
896 1819 943 1854 ad
975 1818 1137 1862 facinus,
1168 1820 1306 1867 quibus
1335 1832 1424 1856 oon—

89 1870 229 1911 aosueti
249 1878 357 1907 erant
383 1878 538 1919 uterque
569 1871 780 1920 agrestibus
811 1871 1061 1917 ferramentis,
1096 1871 1134 1907 in
1166 1872 1349 1908 vestibulo
1369 1885 1424 1908 re-

132 1922 216 1972 giae,
236 1923 347 1972 quem
368 1925 521 1972 potuere
541 1923 893 1966 tumultuosissime,
914 1923 1041 1972 specie
1061 1924 1150 1960 rixae
1171 1924 1208 1960 in
1230 1937 1269 1960 se
1289 1937 1422 1961 omnes

133 1976 361 2024 apparitores
380 1976 503 2025 regios
523 1983 770 2021 convertunt3
813 1976 913 2022 inde,
944 1989 1060 2024 quum
1080 1976 1191 2013 ambo
1210 1989 1339 2026 regem
1360 1990 1423 2026 ap-

132 2027 326 2076 pellarent,
346 2028 562 2077 clamorque
592 2041 722 2065 eorum
750 2029 902 2077 penitus
932 2029 970 2065 in
1003 2029 1147 2077 regiam
1177 2030 1421 2078 pervenisset,

134 2081 255 2117 vocati
275 2081 322 2117 ad
341 2093 471 2130 regem
490 2089 664 2130 pergunt.
723 2081 850 2118 Primo
881 2089 1037 2130 uterque
1058 2081 1266 2127 vociferari,
1287 2089 1324 2118 et
1343 2094 1424 2118 cer-

89 2133 238 2172 a5tatim
258 2133 350 2170 alter
369 2134 475 2170 alteri
495 2134 724 2182 obstrepere,
758 2134 913 2170 coerciti
947 2135 994 2170 ab
1023 2134 1171 2180 lictore,
1201 2141 1238 2171 et
1267 2135 1362 2184 jussi
1383 2135 1422 2171 in

134 2184 255 2222 vicem
274 2186 415 2233 dicere,
435 2187 588 2223 tandem
607 2186 757 2234 obloqui
774 2186 972 2223 desistunt.
1030 2186 1138 2223 Unus
1158 2199 1235 2223 rem
1256 2200 1302 2223 ex
1322 2200 1423 2224 com-

135 2236 256 2285 posito
272 2239 426 2276 orditur.
481 2238 615 2278 Quum
637 2239 805 2275 intentus
825 2239 863 2275 in
884 2252 972 2275 eum
1003 2252 1042 2275 se
1075 2252 1141 2276 rex
1160 2246 1261 2276 totus
1280 2247 1424 2277 averte-

136 2295 204 2332 ret,
225 2288 317 2325 alter
336 2290 471 2327 elatam
491 2291 656 2328 securim
677 2292 713 2328 in
736 2298 850 2340 caput
869 2292 1030 2341 dejecit:
1060 2292 1266 2341 relictoque
1287 2292 1324 2329 in
1345 2292 1422 2329 vul-

135 2353 226 2377 nere
245 2340 330 2386 telo‚
350 2343 460 2380 ambo
479 2356 518 2380 se
538 2343 635 2381 foras
654 2344 825 2393 ejiciunt.

92 2460 124 2486 ,ιο
188 2445 295 2482 XLI.
335 2446 587 2495 Tarquinium
615 2450 884 2486 moribundum
915 2463 1043 2498 quum,
1073 2450 1136 2498 qui
1166 2451 1268 2487 circa}
1301 2456 1420 2494 erant,

136 2499 387 2547 excepissent,
422 2500 503 2536 illos
533 2500 720 2550 fugientes
752 2503 903 2539 lictores
936 2503 1277 2552 comprehendunt.
1334 2501 1422 2538 Cla-
