1617 2765
796 189 813 226 l
820 189 870 226 45

570 500 736 526 ΕΡῘΊῸΜΕ
755 499 856 524 LIBRI
875 498 1036 523 SEPTIMI.

202 586 263 612 Duo
276 586 337 612 novi
347 586 519 618 magistratus
532 586 631 618 adjecti
641 588 716 616 sunt,
735 589 849 616 praetura
861 588 888 608 et
899 583 1000 608 curulis
1013 583 1133 607 oedilitas.
1171 582 1330 607 l'estilenttfi
1349 581 1445 607 civitas

169 618 310 644 laboravit,
323 627 433 650 eamque
445 618 575 650 insignem
588 618 649 642 fecit
661 625 731 642 mors
747 617 820 641 Furii
841 616 950 641 Camilli
962 625 968 640 ε
998 617 1074 647 cujus
1086 616 1232 639 remedium
1244 619 1270 639 et
1292 615 1349 639 finis
1363 623 1443 646 quum

186 660 213 676 er
226 659 307 676 novas
318 651 460 683 religiones
484 655 653 683 quan-eretur,
679 649 735 674 ludi
757 649 856 674 scenici
881 653 945 673 tunc
964 649 1077 679 primum
1091 648 1154 672 facti
1172 652 1243 672 sunt.
1280 648 1371 673 Quum
1390 648 1445 672 dies

168 659 201 708 ἱ.
217 684 319 708 Manlio
331 684 401 708 dicta
417 687 487 708 esset
499 691 515 708 a
528 683 566 707 M.
584 682 728 713 Pomponio
746 682 852 706 tribuno
870 681 952 712 plebis
976 685 1079 712 propter
1092 681 1225 705 delectum
1238 680 1330 704 acerbe
1344 684 1445 711 actum,

167 720 194 740 et
206 715 241 740 Τ.
256 716 386 740 Manlium
401 716 484 740 filium
498 723 540 740 rus
553 715 699 746 relegatum
713 715 770 739 sine
782 714 836 738 ullo
844 713 954 738 crimine
968 722 973 743 ;
987 714 1141 737 adolescens
1152 713 1217 743 ipse,
1230 713 1307 744 cujus
1321 712 1446 743 relegatio

168 748 237 780 patri
250 749 436 780 objiciebatur,
449 748 523 772 veuit
536 748 562 772 in
575 748 727 772 cubiculum
748 747 857 777 tribuni,
879 746 1025 777 strictoque
1044 746 1134 777 gladio
1152 745 1240 777 coegit
1252 753 1313 769 eum
1326 745 1352 769 in
1366 745 1446 768 verba

168 789 217 806 sua
228 781 328 812 jurare,
342 789 391 805 non
405 785 635 812 perseveraturum
647 788 673 804 se
686 779 712 803 in
726 779 909 803 accusatione.
946 778 1037 804 Quum
1050 778 1152 802 telluris
1166 778 1242 801 hiatu
1260 781 1318 801 tota
1339 777 1371 801 ad
1385 777 1447 801 ulii-

168 821 239 837 mum
253 813 346 837 territa
361 813 447 844 patria
460 813 537 842 foret,
550 817 613 837 tunc
624 812 712 836 omnia
726 811 842 842 pretiosa
855 810 935 835 missa
947 815 1007 834 sunt
1021 811 1045 834 in
1060 810 1195 841 praealtam
1208 810 1359 841 voraginem
1374 810 1445 833 urbis

168 845 304 870 Romanae.
340 846 371 870 In
384 854 443 869 eam
454 845 562 870 Curtius
576 848 703 875 armatus,
717 844 810 867 sedens
824 851 902 874 equo,
916 851 944 867 sc
964 843 1157 873 prmcipitavit3
1174 850 1259 874 eaque
1273 843 1381 872 expleta
1394 846 1445 866 est.

168 877 204 902 T.
219 877 335 902 Manlius
348 878 511 908 adolescens,
523 878 567 909 qui
581 881 682 907 patrem
696 885 711 900 a
720 876 862 900 tribunicia
872 875 1010 899 vexatione
1019 875 1210 906 vindicaverat,
1223 880 1315 899 contra
1327 874 1446 905 Gallum,

168 914 355 941 provocantem
368 910 482 941 aliquem
496 918 530 934 ex
552 909 681 933 militibus
702 908 838 939 Romanis,
858 908 884 932 in
897 908 1031 939 singulare
1052 912 1184 932 certamen
1205 907 1351 937 descendit,
1369 907 1446 938 eique

167 942 256 966 occiso
269 947 388 974 torquem
402 950 510 966 aureum
523 941 658 972 detraxit3
676 949 753 973 quem
767 941 820 970 ipse
835 944 926 970 postea
939 940 1012 970 tulit,
1025 944 1052 963 et
1068 948 1100 963 ex
1110 947 1141 963 eo
1154 939 1307 970 Torquatus
1323 943 1363 962 cst
1382 947 1446 963 nun-

168 978 291 1005 cupatus.
329 974 391 998 Dure
403 973 488 998 tribus
501 974 606 1003 additae,
621 973 759 1003 Pomptina
774 977 801 996 vt
815 972 938 996 Publilia.
976 972 1096 995 Licinius
1110 972 1186 995 Stolo
1205 972 1263 1002 lege
1279 972 1311 995 ab
1325 971 1381 1001 ipso
1392 971 1447 996 lata

168 1006 311 1030 damnatus
323 1010 375 1036 est,
388 1006 454 1037 quod
467 1005 527 1036 plus
540 1005 691 1037 quingentis
702 1005 839 1036 jugeribus
852 1004 908 1035 agri
929 1004 1085 1034 possideret.
1121 1004 1160 1027 M.
1177 1003 1312 1034 Valerius,
1326 1003 1446 1028 tribunus

167 1038 293 1069 militurn,
306 1038 424 1069 Gallum,
437 1046 453 1062 a
466 1045 517 1069 quo
530 1041 689 1068 provocatus
703 1041 770 1067 erat,
784 1036 914 1060 insidente
925 1036 1006 1067 galeae
1018 1044 1106 1066 corvo,
1125 1040 1152 1059 et
1165 1036 1294 1066 unguibus
1309 1040 1446 1067 rostroque

169 1071 271 1095 hostem
285 1070 439 1101 infestante,
452 1070 560 1101 occidit,
572 1074 599 1094 et
612 1077 645 1094 ex
666 1077 699 1094 eo
715 1069 794 1093 Corvi
813 1076 906 1092 nomen
926 1068 1045 1098 accepit3
1075 1068 1217 1099 consulque
1230 1070 1348 1099 proximo
1367 1076 1446 1098 anno,

168 1111 249 1134 quum
264 1111 346 1127 annos
357 1103 452 1135 viginti
465 1106 518 1127 tres
531 1103 647 1132 haberet,
660 1102 692 1126 ob
706 1101 830 1126 virtutem
844 1104 947 1125 creatus
960 1105 1010 1125 est.
1033 1101 1160 1125 Amicitia
1174 1109 1234 1125 cum
1245 1100 1446 1129 Carthaginien-

168 1135 241 1160 sibus
252 1136 355 1167 juncta.
392 1135 534 1166 Campani,
547 1142 628 1166 quum
639 1137 794 1166 urgerentur
813 1141 828 1157 a
849 1133 1014 1157 Samnitibus
1028 1133 1105 1164 belle,
1118 1133 1221 1157 auxilio
1233 1133 1358 1157 adversus
1372 1141 1417 1157 eos
1430 1141 1446 1157 a

169 1172 265 1192 senatu
277 1169 371 1199 petito,
385 1175 465 1199 quum
485 1167 511 1191 id
524 1175 575 1191 non
597 1166 779 1197 impetrarent,
801 1166 889 1190 urbem
909 1170 989 1197 atque
1010 1174 1085 1197 agros
1098 1166 1195 1196 populo
1209 1166 1328 1190 Romano
1340 1166 1446 1190 dedide-

170 1204 248 1231 runt;
265 1201 298 1225 ob
310 1208 390 1232 quam
403 1208 512 1225 causam
533 1207 575 1230 ea,
598 1207 654 1230 quie
669 1199 759 1230 populi
780 1199 893 1222 Romani
916 1198 986 1222 faeta
997 1203 1094 1227 essent,
1114 1198 1220 1222 defendi
1234 1198 1302 1222 bello
1321 1198 1445 1222 adversus

169 1233 304 1257 Samnites
318 1232 428 1263 placuit.
458 1232 551 1258 Quum
561 1232 594 1256 ab
604 1232 639 1255 A.
649 1231 774 1255 Cornelio
785 1231 893 1255 consule
907 1230 1038 1255 exercitus
1052 1231 1076 1254 in
1087 1230 1205 1262 iniquum
1219 1231 1305 1255 locum
1318 1230 1446 1255 deductus

169 1265 196 1290 in
209 1273 305 1297 magno
319 1265 470 1289 discrimine
484 1268 566 1295 esset,
577 1264 606 1288 P.
620 1264 698 1288 Decii
712 1263 806 1294 Muris,
828 1263 926 1287 tribuni
940 1263 1066 1293 militum,
1084 1265 1163 1294 opera
1175 1268 1294 1287 servatus
1307 1266 1364 1287 est:
1391 1263 1445 1294 qui,

169 1301 301 1328 occupato
311 1297 380 1322 colle
394 1305 471 1328 super
493 1296 518 1321 id
532 1297 636 1328 jugum,
660 1296 686 1320 in
708 1304 760 1327 quo
781 1295 916 1320 Samnites
930 1296 1107 1326 considerant,
1120 1295 1286 1320 occasionem
1298 1295 1400 1319 consuli
1420 1295 1445 1320 in

168 1330 310 1362 aequiorem
323 1329 409 1354 locum
420 1329 548 1354 evadendi
569 1329 659 1353 dedit:
687 1328 742 1359 ipse
756 1328 789 1352 ab
801 1328 921 1352 hostibus
931 1328 1119 1352 circumsessus
1129 1328 1226 1359 erupit.
1246 1328 1337 1353 Quum
1349 1328 1446 1353 milites

169 1362 294 1393 Romani,
308 1361 353 1394 qui
366 1362 464 1392 Capuae
476 1361 503 1386 in
517 1361 637 1392 praesidio
649 1366 724 1385 erant
738 1361 836 1392 relicti,
856 1361 888 1385 de
905 1361 937 1385 e&
953 1360 1107 1391 occupanda
1121 1361 1182 1385 urbe
1195 1361 1389 1391 conspirassent
1418 1364 1447 1385 et

168 1395 274 1419 detecto
286 1394 406 1425 consilio,
420 1398 492 1419 metu
505 1394 629 1425 supplicii
642 1401 656 1418 a
674 1393 772 1424 populo
786 1393 905 1418 Romano
917 1393 1077 1417 defecissent
1089 1402 1095 1423 3
1120 1400 1167 1423 per
1180 1393 1218 1417 M.
1233 1392 1372 1417 Valerium
1407 1401 1447 1417 or-

171 1435 234 1451 vum
246 1427 413 1458 dictatorem,
426 1426 470 1458 qui
483 1426 594 1451 consilio
606 1434 654 1450 suo
666 1434 710 1450 eos
723 1434 739 1450 a
751 1425 838 1450 surore
857 1430 1040 1456 revocaverat,
1054 1425 1145 1456 patriae
1159 1425 1275 1450 restituti
1288 1429 1359 1449 suut.
1394 1425 1446 1450 Res

169 1464 296 1490 prmterea
308 1462 401 1483 contra
414 1459 555 1490 Hernicos,
568 1463 596 1483 et
609 1458 711 1489 Gallos,
723 1462 750 1482 et
763 1458 898 1489 Tiburtes,
920 1462 948 1482 et
962 1458 1137 1488 Privernates,
1147 1462 1175 1482 et
1188 1457 1406 1489 Tarquinienses,
1418 1461 1447 1482 et

168 1491 313 1522 Samnites,
331 1495 358 1516 et
376 1491 489 1516 Volscos
507 1492 629 1523 prospere
647 1496 738 1523 gestas
761 1490 891 1515 continet.
928 1490 1007 1523 [Car.
1033 1498 1171 1515 1—x1.1r.
1215 1498 1242 1515 n.
1258 1490 1445 1515 cess-413.

170 1532 198 1550 Α.
208 1532 235 1548 c.
248 1524 415 1556 363—339.j

580 1716 749 1741 EPITOME
769 1716 870 1741 LIBRI
888 1716 1040 1742 OCTAVI.

205 1800 314 1825 Luxu:
330 1808 390 1825 cum
403 1800 547 1831 Campanis
559 1800 720 1832 defecerunt,
733 1805 769 1831 et,
783 1801 872 1825 missis
885 1800 982 1832 legatis
996 1800 1029 1825 ad
1047 1802 1179 1831 senatum,
1192 1799 1371 1825 conditionem
1384 1799 1450 1824 tule-

172 1837 244 1864 runt,
257 1838 296 1864 ut,
309 1833 330 1857 si
344 1841 435 1864 pacem
448 1833 545 1857 habere
558 1833 665 1864 vellent,
678 1833 791 1857 alterum
799 1841 831 1857 ex
846 1833 948 1858 Latinis
960 1833 1097 1857 consulem
1111 1833 1236 1857 facerent.
1261 1833 1324 1858 Qua
1337 1833 1450 1864 legatio-

172 1873 204 1890 ne
220 1865 332 1896 perlata,
346 1869 439 1895 praetor
457 1873 548 1889 eorum
569 1865 673 1889 Annius
693 1866 725 1890 de
746 1865 883 1896 Capitolio
905 1866 942 1890 ita
963 1865 1101 1896 prolapsus
1121 1869 1172 1896 est,
1194 1869 1223 1889 ut
1244 1865 1449 1889 exanimaretur.

172 1897 207 1922 T.
219 1897 335 1922 Manlius
349 1897 440 1922 consul
453 1897 548 1928 filium,
561 1898 625 1928 quod
641 1901 734 1921 contra
751 1898 866 1922 edictum
887 1899 1013 1922 adversus
1033 1898 1154 1927 Latinos,
1177 1897 1302 1929 quamvis
1315 1897 1450 1928 prospere,

172 1931 323 1962 pugnasset,
335 1929 420 1954 securi
432 1930 571 1960 percussit.
604 1929 801 1954 Laborantibus
822 1930 846 1954 in
860 1930 918 1954 acie
941 1930 1080 1961 Romanis,
1104 1929 1134 1953 P.
1149 1929 1259 1960 Decius,
1279 1933 1343 1954 tunc
1358 1929 1451 1954 consul

173 1970 233 1987 cuin
257 1962 367 1993 Manlio,
387 1962 495 1986 devovit
515 1969 544 1986 se
563 1969 609 1993 pro
626 1962 764 1993 exercitu3
789 1966 825 1993 et,
846 1962 982 1987 concitato
993 1970 1061 1993 equo
1074 1970 1153 1993 quum
1168 1962 1192 1986 in
1206 1962 1304 1986 medios
1317 1962 1405 1986 hostes
1424 1969 1451 1986 se

173 1994 317 2026 intulisset,
331 1994 484 2019 interfectus
503 1999 587 2019 morte
601 1995 650 2019 sua.
662 1994 790 2019 Romanis
812 1995 951 2019 victoriam
972 1995 1099 2019 restituit.
1136 1994 1228 2018 Latini
1241 1995 1268 2019 in
1287 1994 1452 2018 deditionem

173 2031 309 2051 venerunt.
345 2026 379 2050 T.
395 2026 497 2051 Manlio
514 2027 540 2051 in
557 2026 653 2051 Urbem
667 2035 770 2051 reverso
782 2035 857 2051 nemo
870 2035 902 2051 ex
914 2027 1053 2058 juventute
1072 2027 1175 2051 obviam
1189 2027 1326 2057 processit.
1365 2026 1453 2051 Minu-

174 2058 227 2090 cia,
239 2059 313 2091 virgo
326 2059 453 2087 Vestalis,
466 2058 559 2083 incesti
571 2059 696 2083 damnata
709 2063 759 2083 est.
795 2059 947 2084 Ausonibus
960 2059 1049 2090 victis,
1063 2059 1087 2083 in
1106 2059 1230 2090 oppidum
1243 2067 1274 2083 ex
1289 2059 1320 2083 iis
1333 2063 1451 2089 captum,

174 2092 266 2123 Cales,
279 2091 383 2116 colonia
401 2092 513 2116 deducta
530 2095 581 2116 est.
617 2091 686 2115 Item
705 2091 831 2123 Fregellae
848 2092 952 2116 colonia
965 2092 1081 2115 doduotoe
1094 2096 1164 2115 sunt.
1202 2091 1369 2115 Venetia-ium
1383 2100 1454 2115 com-

175 2123 290 2154 plurium
304 2128 482 2148 matronarum
503 2123 694 2154 deprehensum
707 2128 766 2154 est;
796 2132 905 2155 quarum
920 2125 1038 2154 plurimae
1056 2124 1147 2148 statim
1167 2123 1254 2154 epotis
1273 2123 1453 2147 medicamini-

176 2156 224 2180 bus
237 2155 378 2186 perierunt.
415 2156 473 2180 Lex
493 2156 523 2180 de
544 2156 670 2180 veneficio
690 2160 752 2180 tunc
770 2157 883 2186 primum
902 2156 1049 2180 constituta
1069 2160 1117 2180 est.
1153 2156 1359 2186 Privernatibus,
1372 2163 1454 2187 quum

176 2188 356 2218 rebellassent,
369 2188 448 2213 victis
462 2188 558 2212 civitas
572 2188 634 2212 data
646 2192 696 2212 est.
733 2188 926 2219 Palaepolituni,
941 2189 1009 2213 bello
1028 2192 1056 2213 et
1068 2188 1203 2212 obsidione
1216 2188 1291 2220 victi,
1305 2189 1330 2213 in
1343 2188 1455 2212 deditio-

177 2228 236 2244 nem
251 2224 387 2245 venerunt.
423 2220 459 2246 Q..
474 2220 599 2251 Publilio,
613 2220 659 2252 qui
670 2228 714 2245 eos
736 2221 881 2251 obsederat,
904 2221 985 2251 primo
1004 2224 1031 2245 et
1049 2220 1187 2251 imperium
1201 2221 1343 2252 prolatum,
1362 2224 1390 2244 et
1407 2227 1455 2251 pro

177 2252 285 2277 consule
297 2253 416 2276 decretus
429 2252 589 2283 triumphus.
625 2253 700 2277 Plebs
713 2261 781 2278 nexu
795 2253 907 2277 liberata
919 2258 959 2277 est
972 2257 1078 2284 propter
1092 2253 1122 2277 L.
1137 2253 1236 2284 Papirii
1248 2253 1386 2278 creditoris
1397 2252 1456 2277 libi-

177 2284 277 2315 dinem,
291 2283 335 2316 qui
348 2284 380 2308 C.
395 2284 508 2308 Publilio
520 2284 630 2309 debitori
642 2293 690 2309 suo
711 2290 832 2316 stuprum
846 2285 942 2310 inferre
955 2286 1081 2310 voluerat.
1119 2285 1210 2311 Quum
1224 2285 1253 2310 L.
1268 2285 1387 2316 Papirius
1400 2285 1457 2309 dic-

177 2320 248 2353 tator
261 2324 382 2341 reversus
396 2317 421 2341 in
437 2316 534 2341 Urbem
548 2317 580 2341 ab
597 2317 715 2342 exercitu
726 2322 796 2342 esset
809 2322 916 2348 propter
936 2318 1057 2349 auspicia.
1078 2318 1226 2348 repetenda,
1240 2318 1276 2344 Q.
1292 2318 1388 2342 Fabius
1402 2325 1458 2341 ma-

177 2353 260 2381 gister
277 2349 409 2380 equitum,
427 2349 564 2373 occasione
583 2349 619 2373 rei
637 2349 700 2374 bene
718 2351 835 2381 gerendae
854 2350 992 2381 invitatus,
1010 2354 1101 2374 contra
1119 2350 1236 2375 edictum
1255 2350 1313 2382 ejus
1333 2350 1455 2381 prospere

178 2381 307 2406 adversus
328 2380 462 2405 Samnites
485 2381 621 2412 pugnavit.
656 2382 696 2406 Ob
716 2390 776 2406 eam
795 2390 904 2407 causam
917 2391 997 2414 quum
1015 2383 1129 2407 dictator
1141 2383 1172 2407 de
1191 2383 1318 2414 magistro
1336 2382 1455 2413 equitum

178 2413 338 2445 supplicium
352 2418 504 2444 sumpturus
518 2414 660 2445 videretur,
675 2414 772 2439 Fabius
786 2415 897 2439 Romam
910 2415 1024 2446 profugit
1037 2424 1043 2439 2
1060 2419 1097 2445 et,
1110 2423 1190 2446 quum
1203 2416 1285 2439 causa
1294 2422 1384 2445 purum
1398 2421 1454 2444 pro-

179 2445 281 2476 ficeret,
294 2445 383 2477 populi
403 2445 524 2476 precibus
537 2446 650 2470 donatus
667 2451 716 2470 est.
750 2447 805 2472 Res
825 2451 952 2478 praeterea
969 2451 1061 2471 contra
1080 2448 1212 2472 Samnites
1233 2447 1357 2478 prospere
1369 2450 1455 2477 gestus

180 2478 311 2503 continet.
349 2478 432 2510 [Cn.
447 2485 498 2502 1—
509 2485 556 2502 ιι..
609 2485 637 2502 υ.
651 2486 678 2503 c.
689 2480 736 2504 414
746 2480 841 2504 —432.
879 2488 906 2504 A.
920 2487 948 2504 c.
961 2479 1128 2512 838—320.]

572 2511 619 2548 13
