1617 2765
560 471 708 510 LIBRI
738 472 941 513 QUINTI

379 613 474 645 CAP.
496 614 837 648 XXVI—XXVIII.
875 615 1143 647 XXXII—LV.

532 869 699 892 EPt'rOME
716 869 820 891 LIBRI
839 869 985 898 QUlN'rt.

129 949 178 986 'lx
190 950 327 976 obsidione
342 951 470 984 Vejorum
482 952 659 978 hibernacula
672 953 802 978 militibus
817 953 886 978 sacta
899 958 959 978 sunt
971 963 978 978 ι
996 961 1028 979 ea
1040 962 1081 980 res
1090 962 1170 987 quum
1183 960 1255 980 osset
1267 963 1347 986 nova,
1361 955 1401 980 in-

109 981 290 1018 dignationem
304 984 468 1009 tribunorum
483 986 566 1016 plebis
585 986 678 1017 movit,
691 986 860 1018 querentium
874 994 924 1011 non
937 987 994 1011 dari
1009 987 1079 1018 plebi
1094 995 1142 1012 nec
1160 996 1201 1019 per
1219 988 1333 1013 hiemem
1348 996 1396 1013 mt-

111 1014 175 1039 lttiae
189 1015 312 1047 requiem.
351 1016 463 1048 Equites
476 1023 532 1042 tum
547 1018 660 1049 primum
674 1018 748 1050 equis
761 1019 816 1042 suis
830 1026 927 1043 merere
941 1025 1084 1050 coeperunt.
1113 1021 1205 1046 Quum
1217 1021 1355 1045 inundatio
1364 1028 1396 1045 ex

111 1046 171 1071 lacu
188 1048 292 1072 Attmno
306 1048 376 1073 sacta
390 1054 471 1080 esset,
486 1056 572 1082 vates,
586 1050 630 1083 qui
650 1059 709 1075 cam
729 1059 780 1075 rem
803 1051 1034 1082 interpretaretur,
1054 1052 1086 1077 de
1099 1053 1218 1078 hostibus
1235 1059 1328 1084 captus
1345 1058 1395 1077 est.

111 1078 210 1105 Furius
223 1081 355 1106 Camillus
365 1081 480 1107 dictator
492 1083 586 1108 decem
599 1091 682 1108 annos
695 1083 814 1108 obsessos
831 1083 910 1115 Vejus
927 1085 997 1115 cepit
1011 1093 1017 1109 ς
1035 1085 1207 1110 simulacrum
1220 1086 1331 1110 junonis
1348 1086 1398 1110 tto-

123 1125 192 1143 mam
206 1120 362 1145 transtulit:
380 1121 512 1146 decimam
532 1127 634 1154 partem
656 1122 748 1153 praeda:
761 1122 875 1154 Delphos
889 1123 1008 1154 Apollini
1026 1123 1109 1148 misit.
1160 1129 1251 1149 xxm.
1289 1129 1396 1149 xxvrt.

111 1156 204 1190 Idem
222 1160 363 1190 tribunus
379 1161 523 1197 militum,
541 1171 637 1200 quum
655 1161 797 1191 Faliscos
813 1162 982 1197 obsideret,
999 1164 1137 1201 proditos
1158 1160 1296 1190 hostium
1316 1160 1397 1190 filios

113 1200 293 1240 parentibus
320 1201 461 1232 remisit:
509 1204 678 1242 statimque
709 1203 870 1233 deditione
894 1201 989 1239 sacta,
1013 1204 1208 1234 Faliscorum
1232 1202 1394 1231 victoriam

104 1237 228 1283 justitia
244 1247 436 1272 consecutus
453 1248 512 1274 est.
549 1250 641 1276 Quum
663 1250 730 1274 alter
746 1257 777 1274 ex
789 1251 954 1280 censoribus,
970 1251 1003 1275 C.
1015 1250 1116 1281 Julius,
1129 1248 1300 1280 decessisset,
1321 1248 1346 1273 in
1362 1248 1398 1274 lo-

107 1290 167 1308 cum
181 1281 240 1313 ejus
254 1281 292 1306 Μ·
306 1281 445 1308 Cornelius
458 1285 588 1314 suffectus
609 1294 646 1314 cst
661 1298 668 1314 :
694 1296 743 1314 nec
758 1289 781 1313 id
802 1295 892 1321 postea
915 1289 1014 1314 sactum
1032 1294 1084 1319 est,
1098 1288 1222 1321 quoniam
1234 1294 1266 1313 eu
1285 1292 1368 1313 ,ustro
1382 1296 1398 1314 a

107 1321 195 1347 Gallis
210 1321 297 1346 Rom-”²
308 1327 390 1354 cama
401 1329 451 1349 ost.
487 1332 599 1353 xxxxi.
623 1323 736 1353 Furius
753 1322 917 1358 Camillus,
933 1332 1031 1362 quum
1058 1323 1086 1352 ei
1115 1323 1182 1352 dies
1198 1332 1214 1351 a
1232 1321 1270 1351 L.
1288 1323 1396 1361 Appu-

108 1362 170 1401 lejo
187 1362 311 1392 tribuno
338 1362 439 1401 plebis
463 1364 546 1394 dicta
569 1369 667 1399 esset,
692 1365 723 1394 in
749 1364 896 1394 exsilium
922 1365 1007 1394 abiit.
1053 1373 1187 1399 xxxiii,
1205 1363 1264 1394 &c.
1288 1363 1396 1399 Quum

110 1403 256 1433 Senones
274 1403 355 1434 Galli
373 1404 517 1436 Clusium
533 1405 724 1443 obsiderent,
750 1410 784 1435 et
800 1405 906 1445 legati,
934 1415 951 1435 a
975 1410 1087 1436 senatu
1104 1405 1189 1435 missi
1211 1405 1249 1434 ad
1265 1414 1395 1444 compo-

110 1445 248 1474 nendam
266 1445 347 1475 inter
363 1455 419 1476 eos
435 1451 467 1477 et
484 1447 633 1477 Clusinos
658 1456 782 1486 pacem,
810 1452 989 1486 pugnantes
1016 1452 1125 1477 contra
1147 1446 1254 1476 Gallos
1281 1446 1312 1475 in
1329 1447 1397 1477 acie

113 1486 311 1516 Clusinorum
341 1489 530 1526 stetissent3
568 1488 630 1518 lroc
661 1487 743 1518 sacto
774 1497 882 1518 eorum
913 1488 1062 1518 concitati
1102 1487 1246 1517 Senones
1278 1487 1396 1517 Urbem

111 1526 226 1557 infesto
244 1528 390 1558 exercitu
419 1530 599 1568 petierunt,
638 1538 793 1559 xxxv1r1.
818 1538 941 1564 xxxix,
958 1530 1021 1558 διο.
1057 1529 1213 1567 Fusisque
1229 1529 1268 1558 ad
1286 1529 1396 1558 Alliam

109 1566 230 1598 flumen
260 1568 426 1606 Romanis,
455 1568 570 1609 cepere
594 1571 726 1607 Urbem,
749 1575 862 1609 praeter·
885 1570 1090 1609 Capitolium,
1122 1570 1153 1599 in
1184 1570 1267 1608 quod
1290 1579 1324 1599 se
1343 1569 1395 1609 ju-

107 1614 223 1639 ventus
246 1610 443 1642 contulerat:
503 1621 578 1642 xm.
616 1612 754 1651 Majores
789 1616 876 1647 natu,
908 1621 981 1642 curn
1019 1611 1197 1651 insignibus
1230 1610 1397 1646 bonorum,

108 1659 187 1689 quos
224 1651 357 1690 quisque
394 1658 546 1693 gesserat,
583 1654 614 1683 in
652 1653 817 1683 vestibulis
849 1653 964 1683 aedium
999 1654 1160 1690 sedentes,
1195 1652 1394 1682 occiderunt.

106 1701 221 1722 varr.
246 1692 287 1721 Et
305 1702 414 1731 quum,
431 1704 485 1733 per
500 1704 642 1724 aversam
659 1700 776 1733 partem
789 1694 948 1733 Capitolii,
970 1694 1037 1734 jam
1050 1695 1081 1724 in
1097 1703 1257 1723 summum
1274 1694 1392 1723 evasis-

107 1738 189 1769 sent,
207 1733 318 1772 proditi
345 1735 493 1774 clangore
518 1745 676 1771 anserum,
694 1735 741 1765 M.
759 1735 869 1765 Manlii
886 1733 1044 1774 praecipue
1061 1732 1158 1774 opera
1175 1734 1290 1774 dejecti
1308 1740 1392 1765 sunt.

108 1783 240 1804 vanr.
264 1776 393 1806 Coactis
410 1778 524 1807 deinde
550 1783 675 1816 propter
701 1777 815 1807 samem
841 1777 994 1807 Romanis
1019 1777 1227 1812 descendere,
1253 1782 1286 1806 ut
1309 1777 1395 1807 mille

106 1817 212 1854 pondo
226 1817 289 1846 auri
307 1818 429 1854 darent,
446 1823 477 1849 et
493 1819 555 1849 hoc
572 1820 672 1858 pretio
690 1817 786 1848 finem
804 1818 976 1848 obsidionis
993 1822 1155 1855 emerent3
1200 1827 1301 1847 xmx.
1334 1818 1382 1849 Fu

107 1857 169 1887 rius
188 1857 351 1894 Camillus,
367 1860 500 1890 dictator
515 1860 630 1890 absens
646 1866 781 1895 creatus,
799 1860 878 1890 inter
894 1860 1097 1898 pendendum
1121 1869 1228 1889 aurum
1247 1869 1319 1889 cum
1337 1869 1393 1890 ex-

107 1899 205 1928 ercitu
223 1899 323 1934 venit,
339 1905 371 1930 et
389 1901 496 1931 Gallos
523 1907 594 1939 post
610 1907 738 1932 sextum
756 1911 900 1931 inensem
927 1901 1013 1931 Urbe
1039 1901 1172 1939 expulit,
1201 1901 1395 1939 ceciditque.

106 1948 141 1969 L.
165 1939 269 1970 AEdes
285 1940 346 1979 Ajo
363 1941 499 1972 Locutio
516 1942 608 1978 sacta,
625 1952 687 1981 quo
712 1942 782 1972 loco
809 1947 882 1972 ante
909 1942 1028 1972 Urbem
1056 1947 1179 1979 captam
1207 1951 1271 1971 vox
1288 1942 1394 1972 audita

107 1986 185 2016 erat,
201 1981 370 2012 adventare
389 1983 506 2013 Gallos.
554 1984 684 2014 Dictum
700 1987 761 2018 est,
777 1984 814 2012 ad
832 1983 930 2022 Vejos
958 1983 1154 2020 migrandum
1182 1992 1253 2013 esse
1271 1991 1394 2022 propter

107 2022 271 2052 incensam
289 2026 321 2053 et
337 2024 468 2055 dirutam
488 2025 627 2056 Urbem:
653 2035 704 2060 LI,
721 2024 781 2055 Sec.
807 2025 899 2060 Quod
917 2025 1084 2054 consilium
1113 2024 1246 2054 Camillo
1264 2031 1393 2055 auctore

107 2064 286 2094 discussum
304 2069 363 2095 est.
410 2075 467 2096 ιν.
491 2066 595 2097 Movit
612 2068 762 2106 populum
780 2066 868 2095 vocis
885 2075 1010 2104 quoque
1039 2075 1133 2095 omen
1150 2075 1189 2096 ex
1207 2066 1394 2097 centurione

107 2106 234 2141 auditae,
263 2106 328 2144 qui,
346 2116 441 2146 quum
460 2108 489 2137 in
507 2107 606 2138 sorum
633 2109 785 2142 venisset,
811 2107 1021 2146 manipulariis
1049 2107 1113 2136 suis
1139 2108 1270 2142 dixerat,
1295 2112 1314 2124 ‘⁴
1327 2108 1393 2143 Sta,

107 2150 127 2163 “
143 2147 256 2212 inwi7le53
280 2144 337 2178 hic
354 2147 472 2188 optime
491 2150 725 2180 manebimus.’·
763 2153 845 2186 [Cn.
861 2160 913 2178 ι-
925 2161 972 2178 ιν.
1002 2161 1030 2179 υ.
1044 2154 1234 2179 came—305.
1263 2163 1289 2179 A.
1303 2162 1330 2178 c.
1344 2155 1394 2179 400

161 2318 312 2355 XXVI.
355 2319 529 2357 Comitiis
548 2320 781 2357 tribunorum
817 2321 975 2358 militum
1005 2322 1134 2359 Patres
1154 2324 1299 2359 summa
1320 2336 1391 2372 ope

107 2369 314 2413 evicerunt,
336 2378 376 2408 ut
397 2371 450 2408 M.
474 2372 611 2408 Furius
641 2372 824 2409 Camillus
857 2383 1060 2411 crearetur.
1120 2375 1273 2424 Propter
1295 2375 1390 2412 bella

108 2422 337 2459 sinittlabaut
357 2424 476 2471 parari
498 2425 635 2461 ducem
654 2438 662 2468 ;
706 2425 770 2460 sed
807 2426 993 2474 largitioni
1029 2427 1241 2463 tribuniciae
1262 2427 1390 2463 adver-

107 2474 227 2511 sarius
256 2476 503 2524 qua-rebatur.
573 2476 671 2513 Cum
702 2477 864 2514 Camillo
899 2479 1014 2515 creati
1053 2479 1192 2516 tribuni
1231 2479 1390 2516 militum
