1617 2765
603 198 739 228 LIBER
761 198 801 228 V.
847 207 926 228 CAP.
945 207 1011 228 Lu.
1350 200 1421 236 131

143 290 364 339 “deinceps
384 303 567 327 annorum
597 292 653 327 vel
682 292 869 328 secundas
897 305 968 338 res,
998 291 1054 327 vel
1084 291 1279 328 adversas:
1322 293 1422 331 inve-

144 343 167 363 “
186 343 296 379 nietis
314 342 440 378 omnia
467 343 640 390 prospere
660 345 829 380 evenisse
859 344 1101 391 sequentibus
1121 344 1235 389 Deos,
1267 345 1421 382 adversa

143 395 167 415 ‘⁴
184 394 456 441 spernentibus
514 394 599 429 Jam
619 396 788 431 omnium
817 396 980 443 primum
1005 396 1143 443 Vejens
1165 396 1303 431 bellum
1337 397 1420 445 (per

142 447 166 466 “
182 453 270 492 quot
290 458 420 487 annm,
441 453 580 493 quanto
600 446 726 482 labore
745 455 891 495 gestum
911 448 938 496 !)
968 459 1043 482 non
1065 447 1149 482 ante
1171 447 1271 494 cepit
1292 447 1417 491 finem,

113 498 165 535 0“
181 496 306 544 quam,
328 498 472 533 monitu
492 497 673 540 Deorum,
696 511 792 546 aqua
824 511 870 534 ex
905 498 990 533 lacu
1025 498 1175 534 Albano
1194 499 1331 534 emissa
1350 507 1417 535 est.

139 548 287 587 “Quid
308 549 390 584 haec
409 549 562 585 tandem
592 550 693 585 urbis
722 557 857 586 nostrae
891 549 1019 585 clades
1040 562 1137 586 nova
1158 551 1172 585 Ί
1219 563 1311 586 num
1332 551 1417 586 ant&

139 602 164 623 “
179 608 309 637 exorta
328 608 396 643 est,
417 600 529 648 quam
549 609 672 649 spreta
692 614 761 638 vox
780 602 876 638 coelo
895 602 1032 637 emissa
1064 602 1111 637 de
1144 602 1311 638 adventu
1331 602 1418 637 Gal-

138 652 328 689 “lorum?
374 652 484 700 quam
518 653 689 701 gentium
720 654 780 702 jus
809 653 856 689 ab
885 653 1018 701 legatis
1047 654 1182 689 nostris
1210 654 1417 690 violatum?

137 705 161 726 “
177 704 286 751 quam
307 716 329 740 a
348 704 468 748 nobis,
489 717 604 753 quum
624 705 809 741 vindicari
829 705 996 748 deberet,
1029 705 1163 741 eadem
1185 705 1416 754 negligentia

95 768 125 793 10
137 758 161 779 “
178 755 345 792 Deorum
382 757 672 804 praetermissum
691 759 705 792 Ἰ
776 757 896 805 Igitur
934 757 1033 801 victi,
1073 757 1246 805 captique
1285 770 1330 794 ac
1359 769 1417 793 re-

139 810 162 831 “
179 807 332 856 dempti,
353 815 497 844 tantum
527 821 722 857 poenarum
744 808 828 844 Diis
848 808 1137 856 hominibusque
1157 810 1344 852 dedimus,
1375 816 1415 845 ut

137 862 360 896 “terrarum
388 860 468 897 orbi
497 861 725 897 documento
747 873 926 896 essemus.
984 861 1163 896 Adversae
1197 861 1335 898 deinde
1355 873 1414 897 res

136 911 453 948 “admonuerunt
480 912 715 960 religionum.
773 912 1024 960 confugimus
1042 913 1081 948 in
1111 912 1338 960 Capitolium
1366 912 1412 948 ad

134 965 160 986 “
177 963 290 1005 Deos,
313 964 358 998 ad
379 964 507 999 sedem
526 964 630 999 Jovis
650 964 795 1011 Optimi
818 963 974 1000 Maximi
992 977 1000 1000 z
1042 976 1149 999 sacra
1168 965 1206 999 in
1227 965 1336 1000 ruina
1357 978 1413 1000 re-

92 1025 122 1051 15
136 1018 160 1038 “
176 1027 256 1051 rum
276 1022 485 1051 nostrarum
511 1015 584 1051 alia
603 1022 710 1051 terrae
730 1015 948 1058 celavimus,
980 1015 1063 1060 alia,
1091 1022 1221 1051 avecta
1241 1016 1278 1051 in
1299 1016 1412 1052 finiti-

134 1070 158 1091 “
175 1079 254 1103 mas
274 1067 398 1113 urbeS‚
418 1068 625 1103 amovimus
645 1067 692 1103 ab
713 1067 874 1103 hostium
894 1067 1025 1103 oeulis.
1065 1066 1232 1103 Deorum
1253 1067 1410 1115 cultum,

133 1119 311 1156 “deserti
342 1119 389 1155 ab
419 1119 503 1156 Diis
536 1119 838 1167 hominibusque,
869 1128 994 1155 tamen
1023 1131 1099 1155 non
1127 1119 1408 1156 intermisimus.

132 1174 157 1195 “
177 1171 394 1207 Reddidere
414 1172 528 1220 igitur
555 1172 726 1220 patriam,
756 1179 793 1208 et
813 1171 1019 1218 victoriam,
1052 1178 1090 1207 et
1108 1171 1300 1218 antiquum
1323 1172 1409 1208 belli

131 1226 157 1248 “
173 1223 290 1259 decus
310 1223 487 1260 amissum
507 1236 514 1259 :
543 1231 581 1260 et
600 1224 639 1260 in
660 1224 796 1266 hostes,
814 1223 877 1271 qui
897 1223 990 1259 caeci
1011 1223 1166 1259 avaritia
1185 1223 1223 1258 in
1245 1224 1408 1271 pondere

86 1275 252 1311 20“auri
291 1275 413 1311 foedus
442 1288 487 1312 ac
515 1275 626 1312 fidem
656 1275 880 1318 fefellerunt,
920 1282 1111 1311 verterunt
1148 1281 1325 1312 terrorem
1355 1275 1409 1312 su-

131 1332 155 1351 “
171 1339 332 1377 gamque
352 1334 389 1364 et
408 1328 564 1364 caedem.

184 1430 271 1469 LII.
300 1432 324 1453 “
342 1432 438 1468 Haec
458 1432 549 1469 culti
577 1432 815 1480 neglectique
836 1431 1002 1468 numinis
1030 1438 1134 1467 tanta
1162 1438 1407 1469 monumenta

129 1484 210 1521 “in
239 1482 351 1519 rebus
389 1484 564 1520 humanis
596 1492 808 1525 cernentes,
848 1484 983 1531 ecquid
1021 1483 1180 1526 sentitis,
1218 1482 1405 1531 Quirites,

128 1540 153 1560 “
168 1542 362 1585 quantum,
396 1536 547 1572 vixdum
589 1548 610 1571 e
639 1535 844 1584 naufragiis
882 1535 1013 1583 prioris
1054 1535 1174 1583 culpae
1213 1535 1405 1583 cladisque

80 1593 115 1619 25
128 1592 150 1613 “
167 1595 413 1635 emergentes,
434 1600 607 1636 paremus
626 1588 732 1624 nefas
750 1589 763 1624 Τ
820 1587 959 1623 Urbem
987 1586 1178 1635 auspicato
1207 1586 1405 1635 inaugura-

128 1644 152 1664 “
168 1641 278 1688 toque
297 1639 486 1675 conditam
508 1641 713 1676 habemus:
761 1639 886 1676 nullus
914 1639 1019 1675 locus
1039 1640 1075 1674 in
1096 1639 1142 1674 ea
1162 1651 1236 1674 non
1257 1639 1404 1687 religio-

128 1695 152 1717 “
170 1705 260 1728 num
291 1689 529 1738 Deorumque
558 1700 614 1728 est
650 1692 812 1739 plenus:
858 1691 1054 1726 sacrificiis
1082 1690 1300 1726 solennibus
1327 1703 1403 1727 non

127 1747 151 1768 “
169 1744 249 1780 dies
277 1742 396 1789 magis
425 1743 523 1789 stati,
552 1742 663 1791 quam
683 1743 765 1780 loca
785 1749 884 1784 sunt,
914 1742 953 1778 in
982 1742 1117 1789 quibus
1148 1742 1249 1778 fiant.
1323 1742 1404 1780 Hos

126 1799 298 1832 “omnes
337 1793 451 1837 Deos,
493 1795 665 1843 publicos
706 1795 952 1843 privatosque,
990 1793 1176 1839 Quirites,
1219 1793 1403 1830 deserturi

81 1851 149 1881 3ο“
165 1848 284 1884 estis?
339 1845 468 1884 Quam
488 1860 554 1895 par
582 1855 744 1883 vestrum
775 1847 914 1882 factum
935 1852 1002 1891 est,
1031 1846 1129 1892 quod
1150 1845 1188 1880 in
1207 1845 1402 1881 obsidione

125 1905 284 1948 “nuper
315 1898 353 1934 in
381 1899 535 1947 egregio
554 1899 794 1935 adolescente
815 1899 858 1934 C.
880 1897 1011 1940 Fabio,
1043 1909 1117 1933 non
1146 1897 1289 1933 minore
1319 1897 1402 1933 hos-

125 1952 260 1988 “tium
290 1950 550 1994 admiratione,
580 1951 691 1998 quem
721 1952 855 1996 vestra,
884 1955 1129 1997 conspectum
1162 1956 1239 1992 est;
1286 1961 1401 1997 quum

123 2010 147 2030 ‘⁴
165 2004 262 2040 inter
281 2003 428 2040 Gallica
447 2003 521 2039 tela
549 2003 747 2051 degressus
777 2015 823 2038 ex
842 2013 930 2038 arce
950 2001 1105 2037 solenne
1126 2000 1255 2037 Fabiae
1277 2002 1401 2049 gentis

123 2061 146 2082 “
164 2056 202 2092 in
223 2055 318 2092 colle
337 2054 529 2094 Quirinali
548 2055 668 2091 obiit?
725 2058 789 2090 An
808 2053 1003 2102 gentilicia
1032 2066 1139 2089 sacra
1170 2065 1218 2088 ne
1244 2053 1282 2088 in
1305 2053 1400 2090 bello

77 2115 112 2141 35
124 2114 148 2134 “
163 2108 314 2155 quidem
334 2107 542 2149 intermitti,
559 2107 710 2155 publica
737 2119 844 2142 sacra
868 2113 905 2141 et
934 2105 1128 2141 Romanos
1156 2104 1257 2140 Deos
1286 2105 1399 2141 etiam

123 2166 147 2187 “
165 2159 202 2195 in
222 2171 315 2217 pace
345 2159 480 2201 deseri,
514 2158 666 2206 placet⁷
711 2166 748 2194 et
777 2157 973 2206 pontifices
1007 2156 1251 2204 flaminesque
1281 2157 1399 2206 negli-

124 2211 351 2260 “gentiores
381 2211 616 2258 publicarum
649 2210 872 2259 religionum
892 2222 988 2252 esse,
1021 2221 1133 2256 quarn
1167 2208 1330 2256 privatus
1358 2222 1397 2245 ln

123 2263 307 2299 “solenni
337 2262 460 2310 gentis
489 2262 624 2299 fuerit?
678 2262 851 2299 Forsitan
889 2261 1021 2309 aliquis
1051 2260 1164 2303 dicat,
1199 2267 1262 2297 aut
1291 2261 1397 2310 Vejis

121 2323 146 2344 ‘⁶
163 2327 208 2351 ea
227 2327 296 2351 nos
315 2314 490 2357 facturos,
511 2321 574 2350 aut
594 2315 668 2351 huc
688 2315 775 2351 inde
796 2315 973 2350 missuros
993 2313 1207 2349 sacerdotes
1236 2320 1395 2355 nostros,

77 2372 109 2398 4⁰
122 2375 147 2397 ‘c
163 2366 225 2415 qui
246 2366 412 2402 faciant:
451 2378 605 2413 quorum
637 2374 811 2403 neutrum
841 2366 920 2402 fieri
950 2365 1062 2401 salvis
1092 2365 1319 2401 caerimoniis
1333 2377 1395 2413 po-

122 2428 145 2449 u
162 2426 255 2455 test:
285 2424 332 2463 et,
354 2430 402 2454 ne
421 2417 547 2453 omnia
565 2419 770 2465 generatim
803 2431 909 2454 sacra
928 2430 1131 2465 omnesque
1152 2428 1393 2465 percenseam

121 2480 145 2501 “
162 2470 276 2518 Deos,
297 2470 334 2506 in
364 2469 466 2506 ,Iovis
494 2469 603 2517 epulo
632 2483 721 2506 num
750 2471 850 2513 alibi,
880 2469 993 2518 quam
1022 2470 1060 2505 in
1090 2468 1287 2517 Capitolio,
1317 2466 1395 2515 pul-
