1617 2765
183 178 257 217 186
702 178 792 210 T1T1
816 179 927 210 L1vi1

178 285 310 322 rogare
324 272 563 322 interpretem
580 272 704 322 jussit,
719 273 862 321 ecquis,
891 273 921 309 si
939 272 1099 309 vinculis
1127 271 1324 316 levaretur,
1339 284 1456 310 arma-

178 337 251 373 que
270 331 308 361 et
325 337 462 373 equum
483 325 599 362 victor
619 325 818 373 acciperet,
840 325 1033 361 decertare
1046 324 1142 360 ferro
1159 323 1293 360 vellet?
1321 323 1455 363 Quum

178 377 225 413 ad
247 389 364 413 unum
383 389 514 414 omnes
535 377 670 413 ferrum
691 389 931 425 pugnamque
951 383 1161 424 poscerent,
1182 383 1219 412 et
1238 375 1386 424 dejecta
1415 376 1454 412 in

178 429 216 465 id
236 441 315 466 sors
343 436 451 474 esset,
481 441 522 465 se
550 429 705 476 quisque
734 440 822 464 eum
849 428 1012 476 optabat,
1039 440 1147 475 quem
1183 427 1330 463 fortuna
1349 427 1386 463 in
1418 428 1455 464 id

177 488 370 517 certamen
389 480 543 529 legeret.
599 479 650 517 Ut
668 479 848 528 cujusque
868 492 946 516 sors
966 479 1170 525 exciderat,
1200 479 1337 522 alacer,
1359 479 1456 516 inter
1485 492 1501 517 5

176 532 407 581 gratulantes
425 532 567 580 gaudio
595 531 798 574 exsultans,
829 543 916 567 cum
945 531 1002 567 sui
1023 531 1134 567 moris
1163 531 1334 578 tripudiis
1353 544 1457 567 arma

178 584 311 633 raptim
332 584 517 632 capiebat.
573 583 645 620 Ubi
666 581 751 619 vero
771 583 1006 626 dimicarent,
1028 582 1059 619 is
1078 582 1227 619 habitus
1247 583 1456 619 animorum

176 649 252 673 non
272 636 370 673 inter
390 635 559 684 ejusdem
579 633 689 671 mod&
709 634 935 671 conditionis
955 635 1127 672 homines
1144 642 1236 676 erat,
1257 635 1322 670 sed
1343 635 1456 671 etiam

177 689 274 725 inter
293 694 508 736 spectantes
529 685 652 735 vulgo,
671 693 712 722 ut
731 699 805 722 non
826 686 1058 723 vincentium
1075 686 1206 735 magis,
1223 687 1339 734 quam
1361 687 1456 723 bene

178 740 433 783 morientium,
455 739 604 776 fortuna
622 737 849 775 laudaretur.
1473 752 1502 776 10

229 844 379 881 XLIII.
414 843 516 881 Dum
537 844 592 881 sic
612 843 751 892 aliquot
766 843 943 892 spectatis
962 843 1113 892 paribus
1128 843 1284 880 affectos
1299 843 1459 880 dimisis-

176 904 245 940 set,
275 896 462 934 concione
491 896 579 933 inde
607 896 790 933 advocata
817 896 869 932 ita
896 896 994 945 apud
1033 908 1098 932 eos
1135 896 1283 932 locutus
1312 895 1455 932 fertur:

180 952 205 972 “
219 949 272 994 Si,
291 961 402 997 quem
423 948 593 985 animum
613 948 652 984 in
678 948 811 985 alienae
838 949 947 985 sortis
966 948 1138 996 exemplo
1156 946 1268 996 paulo
1288 948 1373 984 ante
1394 949 1458 984 ha-

177 1004 201 1023 e:
218 1001 363 1048 buistis,
383 1001 559 1037 eumdem
580 1013 667 1037 mox
700 1000 738 1036 in
771 1000 994 1037 aestimanda
1013 1000 1159 1037 sortunfi
1192 1001 1312 1036 vestra
1341 1000 1458 1036 habu-

177 1053 328 1098 “eritis,
350 1052 522 1096 vicimus,
552 1052 711 1089 milites:
758 1065 880 1100 neque
916 1052 1018 1088 enim
1055 1052 1314 1100 spectaculum
1344 1051 1455 1088 modo
1473 1066 1502 1090 15

177 1109 201 1128 “
214 1105 317 1149 illud,
356 1105 422 1141 sed
455 1105 626 1153 quaedam
660 1104 773 1141 veluti
803 1105 927 1153 imago
947 1111 1077 1140 vestrae
1107 1104 1335 1141 conditionis
1364 1111 1455 1140 erat.

177 1157 275 1193 “Ac
311 1157 440 1193 nescio
481 1169 529 1192 an
572 1156 713 1205 majora
753 1156 905 1192 vincula
942 1156 1173 1204 majoresque
1212 1156 1456 1192 necessitates

177 1212 201 1232 “
215 1209 331 1252 vobis,
350 1207 463 1256 quam
484 1208 640 1257 captivis
659 1208 802 1254 vestris,
824 1207 992 1244 Fortuna
1011 1207 1314 1243 circumdederit.
1355 1207 1458 1243 Dex-

177 1261 271 1297 “tra
290 1260 456 1309 laevaque
476 1261 551 1297 duo
583 1259 702 1296 maria
734 1259 930 1305 claudunt,
951 1259 1105 1302 nullam,
1140 1272 1188 1295 ne
1208 1259 1253 1295 ad
1273 1259 1456 1308 effugium

177 1312 378 1360 “quidem,
399 1325 532 1349 navem
554 1312 805 1349 habentibus:
855 1310 992 1362 [circa]
1024 1311 1149 1347 Padus
1178 1311 1311 1355 amnis,
1341 1311 1456 1360 major
1469 1325 1501 1349 ρο

177 1365 340 1402 “Padus
359 1378 404 1402 ac
423 1365 618 1402 violentior
638 1364 852 1408 Rhodano3
895 1364 941 1400 ab
961 1371 1066 1413 tergo
1086 1363 1203 1412 Alpes
1224 1370 1372 1413 urgent,
1396 1364 1455 1400 vix

177 1417 370 1466 “integris
391 1417 493 1454 vobis
513 1430 558 1454 ac
578 1416 791 1466 vigentibus
811 1416 987 1453 transitae.
1047 1416 1121 1452 Hic
1141 1416 1370 1452 vincendum
1392 1422 1456 1452 aut

177 1474 202 1494 “
215 1470 465 1513 moriendum,
487 1469 638 1516 milites,
656 1475 726 1512 est,
746 1469 810 1505 ubi
830 1467 994 1517 primum
1026 1468 1122 1505 hosti
1141 1468 1379 1504 occurristis:
1419 1475 1456 1504 et

177 1522 348 1558 “eadem
368 1522 527 1567 fortuna,
548 1534 630 1570 quae
649 1520 914 1557 necessitatem
942 1520 1136 1569 pugnandi
1156 1519 1344 1568 imposuit,
1363 1532 1456 1568 prae-

178 1574 290 1610 “mia
318 1574 421 1610 vobis
440 1586 485 1610 ea
504 1573 707 1610 victoribus
725 1573 908 1621 proponit,
928 1573 1064 1620 quibus
1084 1571 1263 1620 ampliora
1283 1572 1454 1608 homines
1467 1584 1499 1609 25

177 1630 263 1662 “ne
283 1626 330 1662 ab
351 1626 434 1662 Diis
452 1626 604 1674 quidem
626 1625 896 1662 immortalibus
925 1631 1052 1673 optare
1082 1624 1214 1660 solent.
1272 1623 1313 1659 Si
1333 1623 1455 1660 Sicili-

178 1681 203 1702 “
219 1691 277 1714 am
297 1678 449 1715 tantflm
469 1691 513 1714 ac
534 1678 759 1735 Sardiniam,
793 1677 1011 1725 parentibus
1039 1676 1176 1712 nostris
1195 1683 1352 1724 ereptas,
1373 1688 1456 1712 nos-

178 1734 202 1754 “
216 1731 272 1767 tra
300 1730 435 1766 virtute
455 1729 710 1778 recuperaturi
731 1741 910 1774 essemus,
931 1728 1021 1764 satis
1049 1735 1175 1764 tamen
1196 1727 1318 1776 ampla
1337 1727 1456 1776 pretia

179 1786 353 1819 “essent.
408 1781 606 1830 Quidquid
627 1781 795 1818 Romani
827 1787 880 1817 tot
904 1780 1102 1829 triumphis
1134 1787 1281 1828 partum
1300 1792 1456 1828 conges-

178 1839 202 1859 “
216 1842 369 1882 tumque
387 1834 593 1883 possident,
615 1834 651 1870 id
667 1846 779 1870 omne
799 1840 963 1869 vestrum
996 1845 1082 1868 cum
1113 1831 1202 1880 ipsis
1221 1831 1383 1868 dominis
1402 1831 1455 1867 fu·
1468 1843 1499 1867 30

178 1889 339 1922 “turum
359 1896 427 1922 est.
484 1886 530 1922 In
551 1886 650 1921 hanc
670 1893 745 1921 tam
773 1885 937 1933 opimam
967 1884 1194 1929 mercedem,
1225 1883 1337 1931 agite,
1366 1895 1456 1920 cum

177 1937 300 1973 “Diis
319 1938 415 1974 bene
443 1937 661 1986 juvantibus
694 1949 797 1972 arma
815 1936 950 1984 capite.
1007 1935 1107 1971 Satis
1140 1935 1293 1970 adhuc
1285 1948 1322 1971 in
1343 1935 1456 1971 vastis

178 1989 421 2026 “Lusitaniae
459 1988 748 2035 Celtiberiaeque
777 1987 978 2032 montibus,
1021 1999 1159 2035 pecora
1186 1987 1453 2032 consectando,

178 2045 202 2065 “
216 2042 360 2078 nullum
380 2040 675 2078 emolumentum
696 2046 749 2076 tot
777 2039 946 2075 laborum
965 2038 1290 2087 periculorumque
1320 2046 1456 2076 vestro-

179 2097 298 2130 “rum
327 2093 496 2129 vidistis:
536 2100 682 2140 tempus
700 2098 757 2128 est
780 2091 871 2140 jam,
900 2091 1078 2139 opulenta
1105 2103 1170 2126 vos
1199 2103 1243 2127 ac
1272 2091 1364 2128 ditia
1392 2091 1500 2128 sti-35

179 2152 203 2169 ‘⁴
216 2145 355 2194 pendia
374 2145 511 2191 facere,
531 2152 568 2180 et
588 2156 725 2193 magna
742 2155 864 2192 operae
883 2143 1002 2191 pretia
1021 2143 1169 2190 mereri,
1190 2150 1334 2179 tantum
1347 2143 1456 2180 itine-

178 2200 203 2220 “
216 2197 266 2233 ris
285 2210 350 2246 per
369 2203 423 2234 tot
441 2203 586 2233 montes
606 2196 833 2243 fluminaque
853 2202 890 2231 et
919 2202 972 2231 tot
991 2202 1151 2231 armatas
1178 2202 1310 2244 gentes
1329 2208 1456 2232 emen-

179 2252 204 2272 “
216 2261 287 2285 sos.
345 2249 423 2285 Hic
452 2249 555 2285 vobis
587 2248 787 2284 terminum
817 2247 984 2283 laborum
1017 2247 1183 2283 Fortuna
1213 2247 1341 2284 dedit:
1393 2246 1456 2284 hic

179 2301 372 2349 “dignam
392 2300 609 2337 mercedem
637 2299 804 2336 emeritis
823 2299 1019 2347 stipendiis
1042 2299 1155 2336 dabit.
1213 2299 1312 2346 Nec,
1342 2299 1453 2348 quam

181 2353 347 2402 “magni
367 2352 531 2389 nominis
551 2351 691 2388 bellum
711 2358 778 2396 est,
800 2358 875 2387 tam
895 2351 1086 2388 difficilem
1107 2351 1362 2388 existimaritis
1381 2351 1455 2388 vic·
1468 2363 1500 2387 40

181 2405 350 2441 “toriam
371 2404 459 2441 fore.
517 2404 625 2451 Saepe
653 2410 691 2439 et
718 2410 954 2451 contemptus
975 2403 1090 2440 hostis
1119 2410 1315 2440 cruentum
1337 2410 1455 2439 certa-

181 2460 306 2494 “men
342 2456 472 2500 edidit,
502 2462 540 2492 et
576 2455 706 2504 inclyti
735 2455 859 2504 populi
891 2468 1070 2504 regesque
1099 2455 1237 2504 perlevi
1266 2461 1455 2492 momento
