1617 2765
205 203 257 240 50
732 204 822 235 T1T1
846 203 957 234 Lrvn

205 303 351 334 tentum
371 311 410 335 se
430 311 512 336 esse
546 299 748 345 Simularet,
785 300 935 344 Sextus,
969 299 1066 335 filius
1096 299 1189 348 ejus,
1221 299 1283 348 qui
1305 298 1484 337 minimus

205 360 252 385 ex
272 350 390 387 tribus
409 358 499 393 erat,
521 352 720 400 transfugit
753 364 799 388 ex
832 351 1038 400 composito
1071 352 1224 394 Gabios,
1255 352 1369 400 patris
1386 351 1423 387 in
1443 363 1483 388 se

205 402 384 439 saevitiam
418 403 689 440 intolerabilem
725 416 985 452 conquerens3
1041 403 1164 440 “Jam
1199 404 1245 439 ab
1283 403 1415 439 alienis
1445 403 1483 440 in

203 454 228 474 “
244 466 330 490 suos
361 456 513 492 vertisse
543 455 778 504 superbiam3
818 463 855 492 et
887 456 1087 492 liberorum
1120 468 1266 504 quoque
1296 468 1383 491 eum
1415 455 1485 491 fre-

205 506 410 554 “quentiae
431 508 592 551 taedere-3
637 515 689 551 ut,
723 520 833 556 quam
868 508 906 543 in
936 508 1039 544 curia
1066 508 1307 544 solitudinem
1339 507 1483 549 fecerit,
1514 518 1531 542 5

204 559 228 579 ‘⁶
245 559 345 595 domi
366 572 511 608 quoque
533 560 666 604 saciat3
701 572 749 596 ne
769 573 879 608 quam
914 560 1079 608 stirpem,
1101 573 1149 596 ne
1165 572 1274 608 quem
1297 559 1485 594 haeredem

204 612 349 660 “regni
370 612 565 660 relinquat.
624 613 673 648 Se
707 613 872 660 quidem,
911 613 1006 648 inter
1039 612 1113 648 tela
1142 620 1179 648 et
1208 611 1352 660 gladios
1371 611 1486 659 patris

204 664 230 685 “
247 664 430 712 elapsum,
465 664 558 700 nihil
590 677 745 712 usquam
777 664 847 700 sibi
877 671 1012 707 tutum,
1050 664 1123 700 nisi
1157 664 1255 712 apud
1287 664 1410 699 hostes
1441 662 1484 698 L.

203 716 228 737 “
245 716 460 763 Tarquinii,
495 716 713 752 credidisse.
785 716 898 758 Nam,
938 729 986 751 ne
1023 724 1203 762 errarent,
1241 727 1394 751 manere
1428 715 1486 750 his

203 770 227 790 “
245 768 397 814 bellum,
417 769 515 816 quod
537 768 697 816 positum
719 767 935 811 simuletur;
975 774 1013 803 et
1045 780 1110 815 per
1137 768 1377 804 occasionem
1398 779 1484 802 eum
1502 777 1531 801 10

203 820 416 856 “incautos
436 820 666 856 invasurum.
721 818 838 858 Qqu
860 819 890 855 si
925 819 1023 867 apud
1046 832 1110 855 eos
1130 819 1361 867 supplicibus
1380 818 1486 854 locus

205 874 321 908 “non
353 872 413 918 sit,
446 879 722 920 pererraturum
749 884 788 907 se
820 884 932 907 omne
963 871 1139 907 Latium:
1183 871 1415 918 Volscosque
1446 883 1485 906 se

204 927 228 948 ‘⁶
246 924 348 971 inde,
381 932 417 960 et
448 924 605 972 AEqu0s‚
640 931 677 960 et
710 924 900 960 Hernicos
931 923 1162 972 petiturum3
1206 923 1328 959 donec
1355 923 1399 958 ad
1421 935 1486 958 eos

204 979 227 1000 “
244 976 449 1024 perveniat,
471 977 532 1024 qui
553 989 574 1012 a
594 983 740 1024 patrum
768 975 985 1012 crudelibus
1019 984 1128 1023 atque
1149 975 1272 1023 impiis
1293 974 1486 1023 suppliciis

204 1034 371 1077 “tegere
392 1028 528 1064 liberos
548 1029 681 1064 sciant.
740 1028 913 1064 Forsitan
947 1027 1059 1063 etiam
1094 1027 1235 1063 ardoris
1269 1027 1406 1074 aliquid
1439 1026 1484 1061 ad
1501 1036 1530 1060 15

203 1085 226 1106 “
247 1081 384 1117 bellum
406 1093 581 1129 armaque
602 1093 641 1116 se
669 1080 846 1116 adversus
879 1079 1187 1127 superbissimum
1223 1091 1348 1128 regem
1371 1091 1415 1114 ac
1436 1078 1487 1114 fe-

205 1138 229 1158 “
246 1133 482 1169 rocissimum
504 1133 680 1181 populum
704 1133 980 1168 inventurum.'’
1037 1131 1182 1175 Quum,
1204 1131 1234 1167 si
1255 1131 1346 1166 nibil
1369 1143 1486 1166 mora-

202 1194 345 1231 rentur,
368 1185 537 1221 infensus
558 1185 609 1220 ira
630 1197 738 1232 porro
772 1184 860 1220 inde
891 1184 1059 1219 abiturus
1092 1183 1293 1229 videretur,
1320 1182 1484 1231 benigne

204 1241 251 1277 ab
283 1238 443 1273 Gabinis
475 1236 690 1285 excipitur:
738 1243 864 1272 vetant
895 1236 1033 1282 mirari,
1063 1235 1107 1278 si,
1145 1235 1265 1282 qualis
1302 1235 1339 1270 in
1370 1235 1484 1277 cives,

203 1290 323 1341 qualis
352 1290 391 1326 in
412 1290 547 1336 socios,
580 1289 664 1324 talis
694 1289 740 1324 ad
771 1288 940 1324 ultimum
971 1287 1007 1323 in
1038 1287 1174 1323 liberos
1203 1294 1313 1323 esset.
1370 1286 1414 1322 In
1445 1295 1531 1322 sem

202 1345 325 1394 ipsum
342 1340 529 1391 postremo
550 1341 778 1382 saeviturum,
801 1340 829 1376 si
852 1340 923 1375 alia
943 1340 1078 1375 desint.
1136 1339 1215 1375 Sibi
1238 1337 1322 1374 vero
1337 1346 1485 1387 gratum

205 1398 407 1434 adventum
439 1394 519 1443 ejus
556 1406 659 1437 esse3
705 1393 944 1440 futurumque
982 1392 1137 1428 credere
1176 1391 1291 1434 brevi,
1332 1398 1383 1436 ut,
1424 1390 1486 1426 illo

203 1450 418 1498 adjuvante,
453 1447 500 1483 ab
533 1446 647 1494 portis
680 1445 840 1482 Gabinis
871 1444 939 1480 sub
973 1444 1149 1480 Romana
1179 1443 1318 1479 moenia
1346 1443 1485 1479 bellum

202 1500 458 1538 transferatur.

257 1606 361 1643 LIV.
391 1604 487 1641 Inde
516 1604 554 1640 in
584 1602 746 1640 concilia
774 1601 924 1650 publica
954 1601 1146 1637 adhiberi:
1192 1599 1271 1642 ubi,
1304 1612 1418 1647 quum
1439 1599 1531 1636 dees

207 1659 290 1695 aliis
312 1659 423 1695 rebus
444 1657 624 1692 assentire
646 1668 685 1691 se
719 1655 906 1690 veteribus
921 1653 1080 1689 Gabinis
1101 1653 1257 1698 diceret,
1274 1651 1409 1699 quibus
1429 1652 1487 1687 hae

203 1711 368 1747 notiores
387 1716 526 1751 essent,
548 1709 626 1756 ipse
659 1707 864 1743 identidem
899 1706 985 1741 belli
1017 1713 1146 1741 auctor
1176 1717 1271 1749 esse,
1293 1705 1329 1739 in
1351 1716 1396 1739 eo
1416 1703 1485 1740 sibi

202 1763 432 1812 praecipuam
454 1760 692 1809 prudentiam
724 1770 927 1802 assumere,
961 1757 1057 1805 quad
1080 1757 1271 1804 utriusque
1291 1755 1417 1804 populi
1439 1755 1488 1791 vi-

202 1829 262 1852 res
299 1816 436 1859 nosset,
478 1814 664 1860 sciretque
704 1811 860 1847 invisam
894 1809 1060 1858 profect&
1098 1808 1310 1857 superbiam
1343 1807 1485 1856 regiain

204 1868 349 1904 civibus
372 1878 468 1908 esse,
489 1878 599 1913 quam
636 1864 730 1899 ferre
760 1875 807 1898 nc
837 1862 944 1898 liberi
973 1862 1123 1909 quidem
1154 1861 1371 1908 potuissent.
1429 1859 1486 1895 Ita
1499 1871 1532 1895 30

203 1932 316 1968 quum
339 1917 478 1954 sensim
500 1917 545 1953 ad
566 1915 825 1952 rebellandum
845 1914 1026 1961 primores
1046 1913 1277 1949 Gabinorum
1300 1911 1485 1955 incitaret,

203 1972 282 2020 ipse
317 1983 404 2006 cum
434 1967 719 2018 promptissimis
748 1966 927 2014 juvenum
962 1965 1168 2013 praedatum
1203 1972 1312 2011 atque
1352 1963 1388 1999 in
1422 1976 1487 1999 ex-

203 2024 414 2073 peditiones
434 2022 515 2064 iret,
536 2028 574 2057 et
593 2019 704 2055 dictis
735 2018 916 2065 factisque
945 2017 1120 2053 omnibus
1141 2016 1186 2051 ad
1208 2016 1411 2052 fallendum
1433 2016 1487 2051 in-

209 2075 361 2112 structis
381 2086 476 2110 vana
496 2078 732 2109 accresceret
752 2070 854 2114 fides,
876 2069 951 2104 dux
973 2069 1018 2104 ad
1039 2068 1211 2104 ultimum
1233 2068 1320 2103 belli
1338 2067 1484 2115 legitur.

209 2128 265 2164 lbi
295 2140 424 2175 quum,
456 2125 572 2162 inscii·
605 2123 844 2160 multitudine
877 2121 966 2169 quid
1000 2128 1184 2169 ageretur,
1215 2120 1346 2168 proelia
1374 2131 1531 2167 parva35

205 2180 301 2216 inter
321 2180 483 2215 Romam
504 2177 719 2223 Gabiosque
753 2174 898 2216 fierent,
933 2173 1068 2220 quibus
1096 2173 1315 2220 plerumque
1335 2172 1486 2208 Gabina

204 2245 263 2269 res
283 2231 449 2279 superior
469 2237 588 2273 esset3
628 2237 707 2264 tum
737 2225 906 2263 certatim
927 2225 1062 2260 summi
1094 2224 1285 2272 infimique
1319 2224 1485 2260 Gabino-

208 2297 292 2321 rum
332 2284 418 2319 Sex.
457 2281 710 2329 Tarquinium
747 2279 846 2315 dono
888 2277 1012 2313 Derim
1051 2276 1121 2312 sibi
1151 2276 1307 2312 missum
1347 2276 1483 2312 ducem

205 2336 372 2373 credere.
440 2334 553 2382 Apud
588 2332 724 2369 milites
753 2329 840 2367 vero
869 2329 1046 2365 obeundo
1074 2329 1241 2377 pericula
1261 2341 1305 2365 ac
1325 2328 1482 2372 labores,

206 2388 343 2437 pariter
363 2387 525 2435 praedam
554 2384 731 2421 munifice
766 2382 972 2431 largiendo,
1005 2382 1109 2417 tanta
1139 2381 1294 2417 caritate
1314 2392 1409 2425 esse,
1444 2386 1483 2415 ut
1497 2391 1527 2415 40

207 2453 281 2477 non
304 2447 407 2489 pater
427 2437 658 2486 Tarquinius
687 2435 872 2484 potentior
903 2434 1052 2480 Rtomae,
1080 2435 1196 2481 quam
1227 2433 1324 2469 filius
1352 2431 1483 2468 Gabiis

207 2499 316 2529 esset.
374 2490 518 2539 Itaque,
548 2497 742 2539 postquam
776 2487 864 2523 satis
894 2486 1025 2522 virium
1056 2486 1255 2522 collectum
1277 2485 1323 2520 ad
1351 2495 1483 2520 omnes
