1617 2765
607 171 747 202 LIBER
769 170 863 200 XXI.
888 179 969 200 CAP.
986 180 1050 201 x1r.
1392 169 1466 206 173

189 265 250 302 liis
276 265 525 315 operibusque
555 264 729 309 habebat,
749 276 955 321 paucorum
977 263 1022 299 iis
1040 262 1186 299 dierum
1209 262 1373 310 quietem
1403 262 1467 299 de-

189 318 256 362 dit,
277 317 499 355 stationibus
531 316 577 352 ad
608 316 817 352 custodiam
840 315 1032 351 vinearum
1062 315 1291 375 aliorumque
1311 327 1466 361 operum

188 370 401 419 dispositis:
431 368 581 404 interim
601 368 746 404 animos
765 380 894 404 eorum
924 379 1027 403 nunc
1060 366 1114 402 ira
1134 366 1173 402 in
1195 366 1319 401 hostes
1339 366 1468 402 stimu-

187 421 313 464 lando,
334 433 438 457 nunc
457 432 522 468 spe
541 420 779 468 praemiorum
800 419 987 455 accendit.
1046 418 1094 455 Ut
1114 416 1199 454 vero
1233 430 1298 465 pro
1318 418 1469 454 concio-

159 486 236 512 5ne
268 473 431 522 praedam
464 480 583 520 captae
617 472 718 508 urbis
751 471 868 508 edixit
887 471 1046 507 militum
1074 470 1162 515 sore,
1193 469 1286 505 aden}
1315 470 1467 506 accensi

186 538 318 562 omnes
337 532 434 568 sunt,
455 530 508 570 ut,
528 524 558 560 si
578 524 765 572 extemplo
784 523 934 571 signum
955 524 1083 559 datum
1103 529 1215 564 esset,
1236 521 1340 557 nulla
1360 521 1394 557 vi
1415 534 1468 557 r-e

188 577 267 614 sisti
287 577 475 613 videretur
495 589 613 624 posse.
671 576 887 624 Saguntini,
910 583 947 612 ut
968 588 989 611 a
1008 575 1148 623 proeliis
1167 574 1331 622 quietem
1352 573 1469 609 habu-

186 637 306 672 erant,
328 641 399 665 nec
419 628 647 665 lacessentes
667 641 739 664 nec
760 628 922 664 lacessiti
943 640 1008 676 per
1028 627 1167 675 aliquot
1187 627 1267 662 dies
1284 638 1292 670 ;
1323 625 1374 661 ita
1394 638 1468 661 non

185 688 311 723 nocte,
325 693 398 717 non
412 680 486 723 die,
498 693 661 728 unquam
675 687 912 716 cessaverant
922 680 967 716 ab
979 692 1105 728 opere,
1121 686 1162 715 ut
1174 691 1309 714 novum
1322 690 1468 713 murum

142 745 173 770 ιο
186 733 233 769 ab
252 745 299 769 ea
318 740 434 781 parte,
452 745 526 780 qua
542 732 771 780 patefactum
799 732 976 790 oppidum
998 732 1116 768 ruinis
1135 739 1228 777 erat,
1257 730 1468 766 reficerent.

185 785 282 822 Inde
294 785 524 848 oppugnatio
537 797 602 820 eos
615 783 803 832 aliquanto
819 784 978 821 atrocior
984 797 1115 832 ‚quam
1133 783 1232 828 ante,
1247 783 1375 818 adorta
1390 789 1468 818 est:

187 849 273 883 nec,
293 849 364 884 qua
385 835 545 894 primum
564 845 628 873 aut
647 836 886 885 potissimum
907 845 1010 884 parte
1032 836 1172 872 ferrent
1190 847 1313 883 opem
1336 833 1469 882 (quum

186 889 314 926 omnia
333 889 443 924 variis
463 888 690 925 clamoribus
709 891 936 938 streperent)
958 889 1047 924 satis
1059 888 1156 924 scire
1170 894 1351 935 poterant.
1384 886 1469 934 Ipse

187 940 396 982 Hannibal,
417 953 488 988 qua
507 941 618 976 turris
638 941 798 984 mobilis,
818 941 945 976 omnia
975 940 1210 976 munimenta
1242 939 1345 974 urbis
1364 950 1472 986 supe-

145 1004 174 1029 15
187 1005 274 1029 rans
296 992 506 1034 altitudine,
526 992 718 1039 agebatur,
740 992 904 1028 hortator
923 992 1052 1027 aderat
1069 1006 1077 1026 ;
1107 1003 1189 1038 quae
1209 1003 1322 1038 quum
1345 990 1470 1026 admo-

186 1052 236 1087 ta,
257 1043 456 1092 catapultis
472 1043 703 1091 ballistisque
721 1056 785 1092 per
797 1044 923 1080 omnia
937 1044 1103 1080 tabulata
1122 1042 1324 1091 dispositis,
1346 1054 1471 1078 muros

187 1095 448 1133 defensoribus
481 1095 683 1140 nudasset3
732 1103 811 1132 tum
843 1096 1050 1138 Hannibal,
1083 1095 1324 1131 occasionem
1356 1101 1469 1139 ratus,

185 1148 412 1197 quingentos
448 1147 565 1184 ferme
598 1147 712 1184 Afros
749 1161 837 1184 cum
869 1148 1032 1184 dolabris
1060 1147 1106 1183 ad
1136 1147 1395 1183 subruendum
1424 1146 1471 1182 ab

187 1201 263 1238 imo
283 1212 432 1236 murum
451 1200 586 1236 mittit:
637 1213 710 1236 nec
739 1208 819 1237 erat
838 1200 991 1236 difficile
1024 1212 1130 1248 opus,
1165 1197 1262 1247 quad
1287 1205 1472 1234 caementa

143 1263 176 1289 20
189 1265 264 1290 non
284 1251 389 1288 calce
410 1252 542 1288 durata
561 1260 680 1295 erant,
698 1252 764 1288 sed
785 1252 948 1288 interlita
967 1252 1057 1294 luto,
1092 1259 1287 1288 structurae
1308 1250 1470 1298 antiquae

187 1316 339 1354 genere.
406 1303 537 1352 Itaque
567 1303 687 1349 latius,
723 1303 835 1351 quam
873 1305 1094 1350 crederetur,
1130 1303 1262 1339 ruebat
1279 1315 1286 1338 :
1332 1314 1470 1350 perque

187 1356 355 1406 patentia
374 1356 493 1392 ruinis
513 1356 665 1405 agmina
684 1363 910 1392 armatorum
932 1357 969 1392 in
990 1357 1120 1392 urbem
1144 1355 1341 1391 vadebant.
1399 1354 1471 1391 Lo-

189 1421 277 1446 cum
297 1421 443 1457 quoque
463 1408 604 1444 editum
626 1408 782 1457 capiunt
799 1421 807 1444 :
837 1408 1056 1456 collatisque
1072 1407 1116 1443 et]
1130 1407 1330 1455 catapultis
1348 1407 1472 1443 ballis-

188 1460 322 1508 tisque,
341 1467 381 1496 ut
401 1460 597 1496 castellum
617 1461 656 1496 in
691 1461 768 1508 ipsa
799 1461 890 1496 urbe
922 1461 1022 1496 velut
1052 1473 1176 1496 arcem
1209 1459 1471 1495 imminentem

143 1523 176 1549 25
189 1512 382 1558 haberent,
402 1525 510 1548 muro
543 1511 804 1549 circumdant:
845 1520 884 1548 et
917 1512 1119 1561 Saguntini
1153 1524 1301 1547 murum
1323 1511 1473 1548 interio-

188 1577 267 1602 rem
289 1564 336 1601 ab
355 1564 524 1601 nondum
543 1566 652 1613 capta
685 1565 788 1601 urbis
817 1572 920 1613 parte
942 1565 1100 1601 ducunt.
1156 1563 1352 1611 Utrimque
1373 1576 1472 1599 sum-

188 1617 252 1653 ma
271 1616 305 1652 vi
323 1623 361 1652 et
378 1616 564 1659 muniunt,
584 1624 622 1653 et
647 1625 818 1665 pugnant
835 1630 843 1653 :
873 1617 952 1663 sed,
982 1617 1160 1653 interiora
1179 1616 1331 1660 tuendo,
1354 1616 1472 1652 mino-

189 1680 268 1704 rem
290 1668 327 1704 in
348 1667 429 1704 dies
447 1668 579 1704 urbem
613 1669 814 1717 Saguntini
835 1669 989 1706 faciunt.
1012 1666 1019 1669 Α
1046 1669 1167 1705 Simul
1188 1668 1326 1704 crescit
1346 1668 1473 1716 inopia

190 1720 359 1757 omniurn
381 1719 494 1768 longa
522 1720 733 1763 obsidione,
763 1728 800 1757 et
834 1721 1015 1757 minuitur
1044 1720 1274 1768 exspectatio
1306 1728 1471 1755 externae

145 1771 294 1821 aoopi83
323 1785 440 1820 quum
459 1779 535 1808 tam
568 1772 698 1820 procul
733 1772 912 1815 Romani,
946 1773 1059 1809 unica
1084 1785 1181 1821 speS‚
1214 1772 1316 1808 circa
1345 1772 1473 1808 omnia

190 1823 353 1861 hostium
373 1831 512 1860 essent.
569 1824 762 1872 Paulisper
783 1833 908 1861 tamen
930 1825 1085 1861 affectos
1118 1825 1264 1860 animos
1290 1824 1474 1860 recreavit

190 1876 388 1925 repentina
406 1876 587 1924 profectio
619 1877 846 1913 Hannibalis
872 1878 909 1913 in
931 1877 1118 1913 Oretanos
1138 1876 1445 1924 Carpetanosque
1463 1888 1471 1911 :

189 1928 252 1977 qui
272 1928 347 1965 duo
366 1928 503 1976 populi,
525 1928 692 1965 delectus
722 1929 927 1965 acerbitate
947 1929 1191 1971 consternati,
1212 1928 1367 1964 retentis
1384 1940 1474 1964 con-

188 1980 443 2030 quisitoribus,
463 1987 605 2016 metum
625 1980 849 2017 desectionis
876 1994 991 2029 quum
1025 1981 1287 2029 praebuissent,
1306 1980 1473 2028 oppressi

144 2032 382 2070 aeceleritate
403 2032 645 2076 Hannibalis,
664 2033 873 2070 omiserunt
893 2041 993 2070 mota
1012 2045 1125 2069 arma.

243 2136 338 2173 XII.
384 2136 471 2173 Nec
493 2137 652 2186 Sagunti
681 2138 912 2187 oppugnatio
944 2138 1095 2186 segnior
1115 2144 1207 2184 erat,
1237 2136 1473 2184 Maharbale,

195 2187 425 2225 Himilconis
445 2189 533 2235 filio,
556 2189 661 2236 (eum
680 2190 890 2238 prefecerat
910 2190 1123 2239 Hannibal)
1147 2190 1196 2226 ita
1216 2190 1373 2238 impigre
1394 2202 1474 2225 rem

191 2247 340 2290 agente,
360 2248 401 2277 ut
419 2240 556 2277 ducem
577 2242 707 2278 abesse
728 2255 800 2278 nec
818 2243 920 2278 cives
949 2255 1020 2278 nec
1041 2243 1165 2278 hostes
1185 2242 1378 2278 sentirent.
1436 2241 1474 2277 Is

191 2299 229 2329 et
248 2292 379 2341 proelia
398 2292 537 2340 aliquot
555 2294 724 2330 secunda
745 2294 844 2340 fecit,
865 2302 902 2331 et
921 2295 1040 2331 tribus
1060 2295 1238 2331 arietibus
1264 2294 1474 2342 aliquantu-

147 2343 270 2382 4olum
291 2344 387 2380 muri
407 2344 611 2389 discussit3
653 2353 841 2394 strataque
873 2347 1002 2383 omnia
1038 2347 1254 2383 recentibus
1276 2347 1393 2382 ruinis
1413 2345 1476 2381 ad-

192 2396 358 2434 venienti
382 2396 587 2432 Hannibali
605 2399 779 2434 ostendit.
837 2399 967 2447 Itaque
988 2399 1062 2435 ad
1057 2412 1172 2447 ipsam
1193 2411 1318 2435 arcem
1335 2405 1475 2433 extem-

192 2449 253 2498 plo
282 2449 419 2485 ductus
456 2449 669 2494 exercitus3
716 2458 893 2499 atroxque
934 2451 1105 2499 proelium
1145 2464 1231 2487 cum
1274 2450 1474 2485 multorum

562 2500 633 2536 15*
