1617 2765
601 129 737 160 LIBER
762 129 805 159 11.
851 138 932 159 CAP.
950 138 1005 159 xL.
1389 131 1439 168 79

152 226 176 248 “
193 224 279 262 ‘illa
299 223 438 262 moenia
451 224 584 260 domus
601 236 645 259 ac
659 230 813 271 penates
830 222 902 259 mei
919 228 1019 270 sunt,
1033 230 1163 270 mater,
1177 224 1332 273 conjux,
1347 225 1439 262 libe-

152 279 176 300 “
195 278 324 326 ‘rique
334 279 342 293 ’
358 277 374 313 ‘l
422 276 534 324 Ergo,
547 288 618 324 ego
631 275 702 311 nisi
716 275 961 332 peperissem,
976 275 1102 311 Roma
1115 288 1189 311 non
1203 289 1438 325 oppugnare-

151 331 176 353 “
192 337 275 374 tur;
305 328 376 366 nisi
397 327 514 364 filium
536 328 727 370 haberem,
748 327 893 363 libera
887 340 923 363 ιι]
945 327 1060 363 libe-ra
1080 327 1196 375 patrii
1217 337 1363 365 mortua
1382 343 1438 366 es-

152 384 176 405 “
193 394 284 419 sem.
342 380 418 417 Sed
448 392 520 429 ego
549 379 671 416 nihil
659 392 735 428 jam
757 379 847 428 pati,
868 392 940 415 nec
959 380 1026 416 tibi
1046 379 1192 428 turpius
1211 393 1323 428 quam
1345 383 1437 419 mihi

123 437 175 470 5“
191 433 376 476 miserius,
395 444 572 480 possum.
603 444 688 474 nec,
711 439 750 468 ut
770 431 839 467 sim
862 431 1084 475 miserrima,
1112 432 1177 468 diu
1199 432 1322 469 sutura
1342 447 1437 471 sum.

151 490 177 511 “
194 485 252 522 De
273 485 331 522 his
350 484 512 529 videris;
541 497 647 532 quos,
669 485 698 520 si
714 484 815 532 pergi
820 497 849 526 5,
868 490 931 520 aut
945 484 1144 520 immatura
1158 497 1267 530 mor-‚s
1284 493 1347 522 aut
1361 487 1440 523 lou-

151 543 174 563 “
189 550 238 588 ga
256 537 415 574 servitus
435 513 599 573 mai1et.”
643 535 745 572 Uxor
758 536 897 572 deiude
911 548 955 572 ac
970 536 1077 572 liberi
1099 537 1259 585 amplexi
1276 551 1284 574 ;
1315 537 1440 575 fletus-

149 603 221 640 que
241 590 288 626 ab
306 588 408 626 omni
428 589 537 625 turb&
557 588 756 625 mulierum
776 596 892 631 orum,
909 595 945 625 et
962 589 1205 637 comploratio
1218 590 1274 626 sui
1297 591 1440 638 patrim-

148 655 234 692 que,
257 642 404 691 fregere
425 641 578 678 tandem
606 641 748 677 virum:
778 641 999 689 complexus
1028 641 1116 677 inde
1145 654 1233 678 suos
1262 643 1437 680 dimittit:

106 704 136 729 10
150 695 228 744 ipse
248 701 347 731 retro
366 693 413 730 ab
432 693 534 730 Urbe
566 700 689 730 castra
708 693 834 729 movit.
892 693 1080 730 Abductis
1110 693 1250 730 deinde
1284 694 1439 744 legioni-

150 748 220 784 bus
238 760 285 784 ex
305 759 395 796 agro
417 746 603 791 Romano,
626 746 767 782 invidia
788 746 840 782 rei
856 758 1076 794 oppressum
1093 746 1248 795 periisse
1261 748 1438 793 tradunt3

150 800 213 837 alii
233 799 306 836 alio
335 799 420 836 leto.
485 798 599 847 Apud
632 797 806 841 Fabium,
834 798 944 847 longe
978 798 1281 846 antiquissimum
1313 808 1440 838 aucto-

149 865 242 899 rem,
279 863 396 900 usque
426 851 472 888 ad
502 857 737 887 senectutem
758 850 893 887 vixisse
922 851 1099 888 eumdem
1129 851 1292 889 invenio.
1360 853 1440 890 Re-

151 904 221 941 fert
253 904 368 946 certe,
407 904 506 940 hanc
538 915 637 951 szepe
657 915 743 938 eum
763 904 895 939 exacta
926 910 1034 939 aetate
1063 905 1262 952 usurpfisse
1292 918 1437 952 vocem,

150 960 174 980 θ’·
192 954 317 992 Multo
337 955 511 991 miserius
530 955 612 991 seni
633 954 806 990 exsilium
826 955 950 991 esse.”
1007 955 1096 992 Non
1116 956 1334 994 inviderunt
1359 958 1438 994 lau-

108 1018 137 1043 15
149 1008 215 1045 des
232 1019 318 1044 suas
338 1006 559 1043 mulieribus
589 1006 656 1043 viri
687 1006 880 1043 Romani:
921 1006 1016 1043 adeo
1048 1007 1129 1044 sine
1159 1008 1437 1047 obtrectatione

148 1060 278 1110 gloriae
315 1059 448 1096 alienae
485 1059 688 1096 vivebatur.
774 1058 1025 1096 Monumento
1061 1072 1210 1108 quoque
1248 1062 1348 1110 quod
1382 1075 1439 1098 es-

149 1120 218 1156 set,
249 1111 432 1161 templum
461 1111 640 1149 Fortunae
671 1110 852 1148 Muliebri
886 1112 1113 1150 aedificatum
1142 1113 1437 1164 dedicatumque

150 1172 217 1202 est.
274 1191 441 1202 .....
