1617 2765
574 180 711 211 LIBER
733 179 826 210 XXI.
872 188 949 210 CAP.
966 189 1083 211 xxxxv.
1394 182 1469 220 179

193 274 318 324 equite
337 274 487 319 relictis,
508 279 545 310 et
564 272 728 309 maxima
746 279 850 321 parte
869 273 1037 321 peditum
1054 285 1064 316 ;
1106 273 1184 321 ipse
1204 287 1291 311 cum
1319 276 1469 324 expedi-

192 327 253 374 tis,
270 327 452 364 acerrimo
470 337 616 372 quoque
646 324 735 367 viro,
766 324 898 372 raptim
933 326 1124 373 angustias
1156 326 1302 370 evadit3
1349 328 1467 376 iisque

191 379 280 427 ipsis
299 377 464 419 tumulis,
484 388 575 424 quos
596 376 720 412 hostes
738 382 950 422 tenuerant,
970 377 1152 413 consedit.

241 480 438 518 XXXIII.
483 479 609 516 Prima
628 479 767 516 deinde
786 480 872 516 luce
898 488 1021 517 castra
1039 488 1152 524 mota,
1173 491 1211 518 et
1230 494 1366 531 agmen
1387 484 1469 520 reli-

160 546 176 570 5
190 546 303 582 quum
324 532 502 569 incedere
521 532 648 580 coepit.
704 531 791 567 Jam
811 532 980 568 montani
1004 533 1112 581 signo
1131 534 1218 569 dato
1237 546 1285 570 ex
1304 536 1467 572 castellis

190 586 236 621 ad
257 585 455 621 stationem
474 583 620 620 solitam
640 584 917 620 conveniebant
934 597 942 621 :
971 597 1086 632 quum
1106 585 1261 633 repente
1282 587 1468 635 conspici-

189 644 257 673 unt
277 637 379 682 alios,
401 648 487 672 arce
506 637 690 684 occupata
719 635 801 682 sua,
831 649 941 684 super
960 644 1073 685 caput
1101 637 1355 684 imminentes,
1376 639 1468 674 alios

188 688 248 725 via
267 688 425 724 transire
446 688 581 724 hostes.
640 687 803 735 Utraque
836 688 946 724 simul
976 689 1125 737 objecta
1157 702 1216 725 res
1239 690 1359 726 oculis
1389 692 1468 727 ani-

187 740 331 788 misque
352 739 563 776 immobiles
582 752 781 787 parumper
801 752 865 775 eos
884 740 1014 777 defixit
1031 753 1038 777 ε
1081 741 1219 777 deinde
1250 748 1290 778 ut
1308 743 1468 790 trepida-

146 792 329 828 lotionem
350 791 387 827 in
407 791 602 840 angustiis,
633 804 775 839 suoque
810 792 930 840 ipsum
960 793 1122 829 tumultu
1151 793 1301 829 misceri
1331 807 1467 842 agmen

188 844 328 888 videre,
347 844 454 891 equis
473 844 635 879 maxime
655 844 916 888 consternatis
949 844 1129 893 quidquid
1150 845 1378 893 adjecissent
1397 846 1467 894 ipsi

189 896 349 940 terroris,
370 895 459 931 satis
479 895 524 930 ad
545 895 752 943 perniciem
773 895 850 931 fore
870 896 952 939 rati,
984 897 1163 944 perversis
1182 897 1336 945 rupibus
1361 898 1467 947 juxta

189 947 289 983 invia
307 959 351 983 ac
371 947 479 982 devia
499 947 637 982 assueti
658 947 887 983 discurrunt.
944 948 1046 984 Tum
1080 948 1166 984 vero
1186 949 1295 984 simul
1317 950 1363 985 ab
1384 951 1467 986 hos-

187 999 300 1041 tibus,
337 998 447 1034 simul
486 998 533 1033 ab
567 998 762 1045 iniquitate
791 999 958 1034 locorum
987 999 1093 1035 Poeni
1121 1001 1465 1048 oppugnabantur3

144 1063 174 1089 15
186 1050 342 1099 plusque
371 1050 467 1086 inter
496 1049 595 1098 ipsos
623 1049 712 1099 (sibi
734 1063 881 1098 quoque
900 1051 1094 1097 tendente,
1114 1059 1155 1087 ut
1179 1052 1348 1099 periculo
1366 1052 1467 1101 prius

186 1102 393 1153 evaderet),
413 1102 524 1150 quam
544 1114 631 1138 cum
652 1102 832 1148 hostibus,
853 1103 1069 1139 certaminis
1088 1110 1179 1139 erat.
1235 1103 1332 1152 Equi
1353 1106 1467 1141 maxi-

187 1154 245 1191 me
266 1154 443 1190 infestum
476 1166 612 1202 agmen
646 1153 848 1197 faciebant,
879 1155 942 1202 qui
971 1162 1008 1191 et
1036 1155 1263 1192 clamoribus
1291 1156 1464 1201 dissonis,

186 1219 279 1254 quos
314 1218 468 1243 nemora
502 1206 614 1242 etiarn
645 1219 948 1254 repercussaeque
982 1207 1096 1243 valles
1125 1208 1326 1256 augebant,
1346 1209 1464 1246 territi

186 1258 447 1307 trepidabant3
476 1264 514 1294 et
533 1258 598 1294 icti
618 1258 709 1294 forte
739 1265 803 1295 aut
832 1259 1015 1296 vulnerati
1046 1259 1139 1295 ade&
1173 1261 1466 1297 consternaban-

142 1322 175 1346 20
188 1316 260 1354 tur,
297 1316 338 1347 ut
373 1316 536 1358 stragem
567 1310 760 1359 ingentem
790 1310 901 1346 simul
931 1311 1125 1347 hominurn
1158 1324 1203 1348 ac
1232 1313 1464 1349 sarcinarum

186 1362 309 1398 omnis
327 1362 478 1411 generis
496 1361 663 1398 facerent
681 1375 689 1398 :
729 1363 938 1411 multosque
968 1363 1089 1410 turba,
1108 1376 1223 1412 quum
1252 1365 1466 1413 praecipites

187 1414 428 1462 deruptaeque
448 1414 633 1462 utrimque
657 1414 840 1463 angustioe
869 1422 1009 1462 essent,
1030 1416 1068 1452 in
1097 1416 1323 1452 immensum
1345 1417 1466 1453 altitu-

185 1466 285 1502 dinis
318 1466 478 1514 dejecit3
520 1467 701 1513 quosdam
735 1474 772 1502 et
805 1474 988 1503 armatos:
1035 1468 1115 1511 sed,
1145 1468 1263 1504 ruinae
1293 1469 1465 1505 maximae

186 1517 309 1560 modo,
335 1517 507 1566 jumenta
534 1530 621 1554 cum
650 1518 827 1554 oneribus
856 1519 1158 1556 devolvebantur.
1214 1519 1315 1559 Quae
1335 1533 1465 1568 quarn-

140 1581 296 1617 25quam
317 1569 416 1605 soeda
442 1569 524 1606 visu
551 1576 670 1616 erant,
691 1570 793 1606 stetit
811 1583 1010 1619 parumper
1041 1578 1167 1607 tamen
1185 1571 1390 1618 Hannibal,
1420 1585 1466 1609 ac

186 1633 273 1657 suos
310 1621 510 1667 continuit,
548 1634 597 1657 ne
634 1621 834 1658 tumultum
873 1635 918 1659 ac
957 1623 1245 1671 trepidationem
1280 1631 1436 1672 augeret
1456 1636 1464 1660 :

187 1672 339 1719 deinde,
375 1680 568 1720 postquam
607 1673 827 1721 interrumpi
865 1687 1002 1722 agmen
1043 1675 1146 1720 vidit,
1180 1675 1465 1724 periculumque

186 1736 281 1769 esse,
302 1736 350 1760 ne
369 1731 523 1760 exutum
544 1724 822 1773 impedimentis
850 1726 1060 1762 exercitum
1090 1727 1340 1775 nequidquam
1362 1727 1466 1764 inco-

186 1775 326 1812 lumem
345 1776 583 1819 traduxisset,
604 1776 770 1813 decurrit
788 1789 835 1813 ex
853 1777 1043 1825 superiore
1062 1778 1167 1822 loco3
1196 1785 1246 1821 et,
1266 1791 1380 1827 quum
1398 1780 1466 1816 im-

142 1839 173 1864 ao
187 1834 275 1876 petu
295 1828 375 1876 ipso
420 1827 577 1864 fudisset
611 1829 770 1875 hostem,
806 1829 884 1865 suis
919 1842 1066 1878 quoque
1108 1830 1309 1866 tumultum
1349 1832 1464 1868 auxit.

188 1880 263 1915 Sed
280 1879 311 1915 is
330 1879 510 1916 tumultus
530 1886 720 1916 momento
739 1881 929 1928 temporiS,
960 1888 1154 1929 postquam
1182 1882 1339 1919 liberata
1357 1883 1468 1920 itine-

189 1943 230 1967 ra
266 1931 357 1980 fuga
385 1938 650 1968 montanorum
678 1938 798 1975 erant,
819 1933 996 1969 sedatur:
1026 1946 1099 1969 nec
1117 1946 1183 1982 per
1201 1934 1320 1971 otium
1340 1936 1465 1979 modo,

186 1983 252 2019 sed
285 1983 397 2032 prope
426 1983 588 2030 silentio,
618 1996 704 2020 mox
734 1996 867 2020 omnes
895 1985 1070 2021 traducti.
1126 1985 1333 2022 Castellum
1364 1988 1466 2034 inde,

186 2035 285 2083 quod
304 2042 418 2084 caput
437 2035 518 2084 ejus
537 2035 701 2084 regionis
720 2042 810 2080 erat,
832 2036 1048 2085 viculosque
1068 2038 1334 2087 circumjectos
1353 2039 1467 2087 capit,

142 2098 175 2123 35
187 2094 225 2123 et
242 2087 475 2136 captivorum
504 2087 704 2135 pecoribus
739 2100 804 2136 per
834 2088 999 2124 triduum
1028 2090 1235 2125 exercitum
1266 2091 1382 2127 aluit:
1429 2098 1468 2128 et

187 2138 274 2186 quia
291 2151 365 2175 nec
384 2138 573 2175 montanis
591 2138 709 2187 primo
729 2140 924 2186 perculsis,
951 2154 1023 2176 nec
1050 2141 1134 2177 loco
1154 2155 1381 2190 magnopere
1400 2142 1468 2179 irn-

186 2189 448 2238 pediebantur,
469 2190 701 2238 aliquantum
722 2204 766 2227 eo
786 2192 909 2228 triduo
930 2193 996 2228 viae
1016 2193 1193 2229 confecit.

242 2292 433 2330 XXXIV.
489 2293 717 2332 Perventum
761 2295 849 2332 inde
895 2297 942 2333 ad
990 2296 1222 2345 frequentem
1262 2299 1468 2336 cultoribus

189 2345 319 2392 alium,
352 2351 392 2382 ut
424 2345 520 2382 inter
547 2353 738 2394 montana,
757 2349 948 2396 populum.
1006 2349 1063 2385 Ibi
1093 2362 1169 2386 non
1196 2350 1294 2387 bello
1326 2358 1466 2398 aperto,

144 2410 176 2435 40
190 2397 254 2434 sed
286 2397 363 2433 suis
395 2397 549 2440 artibus,
577 2398 718 2442 fraude,
749 2400 886 2436 deinde
920 2401 1078 2444 insidiis,
1097 2407 1156 2439 est
1175 2404 1287 2450 prope
1307 2403 1468 2439 circum-

190 2456 333 2485 ventus.
364 2448 507 2498 Magno
519 2457 609 2486 natu
622 2450 809 2499 principes
822 2453 1059 2490 castellorum
1071 2461 1236 2491 oratores
1248 2455 1294 2490 ad
1307 2454 1467 2490 Poenum
