1617 2765
167 188 218 225 62
697 188 788 220 TITI
813 189 924 221 LIVII

167 282 393 319 sumendum
423 283 648 332 supplicium
690 284 850 320 nudatos
889 283 1001 332 virgis
1042 284 1206 327 caedunt,
1247 286 1445 334 securique

166 332 332 390 feriunt;
378 348 492 383 quum
531 336 626 371 inter
654 348 766 371 omne
795 343 942 393 tempus
970 344 1086 383 pater,
1117 337 1311 385 vultusque
1340 346 1377 374 et
1404 351 1446 374 os

165 385 258 433 ejus,
279 387 495 445 spectaculo
511 394 624 431 esset,
645 387 836 423 eminente
857 387 983 423 auimo
1016 388 1136 436 patrio
1169 389 1265 424 inter
1284 390 1447 437 publicm
1477 392 1479 395 ⁴

164 449 284 485 poenae
316 439 577 475 ministerium.
635 439 855 475 Secundum
890 452 1039 487 poenam
1074 441 1306 483 nocentium,
1341 442 1444 478 utin

165 497 360 538 utramque
380 498 523 539 partem
544 491 718 526 arcendis
738 491 944 527 sceleribus
959 491 1172 539 exemplum
1193 492 1317 528 nobile
1333 501 1444 536 esset,
1475 499 1491 523 5

163 542 358 588 praemium
380 543 511 584 indici,
531 543 695 590 pecunia
714 555 758 578 ex
781 543 923 585 aerario,
954 543 1106 579 libertas
1127 550 1163 579 et
1183 544 1326 591 civitas,
1347 546 1445 581 data.

163 591 232 629 Ille
263 595 430 642 primurn
460 595 597 631 dicitur
628 595 794 631 vindicta
827 595 1034 631 liberatus:
1081 596 1232 643 quidam
1270 597 1447 632 vindictae

161 656 308 693 quoque
329 659 467 683 nomen
487 654 648 683 tractum
669 647 715 682 ab
735 647 797 683 illo
815 654 974 695 putant3
1018 647 1197 683 Vindicio
1218 648 1286 695 ipsi
1307 661 1444 685 nomen

162 695 287 733 fuisse.
347 699 435 735 Post
464 699 580 742 illum,
615 699 865 745 observatum,
899 706 952 742 ut,
986 700 1049 747 qui
1070 699 1120 735 ita
1139 699 1285 736 liberati
1305 711 1444 746 essent,

162 747 200 784 in
221 750 412 787 civitatem
433 751 580 799 accepti
600 750 828 786 viderentur.
1461 759 1490 785 10

214 852 282 889 VI.
316 854 399 899 His,
420 853 518 890 sicut
538 861 623 890 acta
642 861 762 897 erant,
783 855 978 897 nuntiatis,
1013 854 1193 891 incensus
1213 855 1445 904 Tarquinius

161 915 235 940 non
257 905 382 942 dolore
403 906 527 943 solum
548 914 661 942 tantae
682 907 728 942 ad
759 907 902 943 irritum
931 907 1102 943 cadentis
1125 908 1215 955 spei,
1246 909 1311 944 sed
1331 909 1444 945 etiam

159 956 246 993 odio
277 959 415 1006 iraque,
454 966 648 1007 postquam
686 959 771 995 dolo
799 959 896 995 viam
925 959 1117 1007 obseptam
1160 960 1264 1002 vidit,
1305 961 1443 997 bellum

160 1010 287 1056 aperte
309 1011 539 1047 moliendum
561 1018 675 1053 ratus,
711 1011 912 1047 circumire
943 1011 1100 1059 supplex
1126 1011 1286 1048 Etruriae
1307 1013 1442 1058 urbes;

159 1072 265 1098 orare
300 1063 461 1099 maxime
492 1063 674 1111 Vejentes
704 1062 1090 1111 Tarquiniensesque,
1129 1065 1218 1100 “ne
1247 1077 1286 1100 se
1306 1071 1441 1108 ortum,
1460 1073 1489 1097 15

159 1113 182 1133 “
199 1115 369 1163 ejusdem
389 1115 598 1164 sanguinis,
619 1122 817 1156 extorrem,
848 1122 1023 1163 egentem
1043 1128 1089 1151 ex
1108 1122 1211 1152 tanto
1232 1115 1340 1152 modo
1360 1129 1442 1166 reg-

158 1166 183 1186 “
200 1179 260 1211 no,
299 1180 387 1203 cum
424 1167 551 1203 liberis
580 1166 883 1203 adolescentibus
912 1174 998 1203 ante
1035 1168 1166 1204 oculos
1196 1181 1283 1204 suos
1318 1169 1441 1216 perire

159 1218 377 1255 “sinerent
436 1219 543 1255 Alios
563 1231 717 1267 peregre
738 1219 775 1254 in
809 1231 969 1267 regnum
1001 1219 1163 1255 Romam
1194 1220 1360 1256 accitos:
1403 1233 1443 1256 se

159 1271 182 1291 ((
201 1283 342 1319 regem,
363 1278 567 1320 augentem
589 1271 685 1307 bello
716 1271 934 1307 Romanum
969 1271 1181 1319 imperium,
1215 1284 1236 1307 a
1265 1272 1443 1320 proximis

160 1323 385 1359 “scelerata
406 1323 665 1372 conjuratione
697 1323 869 1380 pulsum:
915 1335 979 1359 eos
1012 1323 1108 1359 inter
1139 1336 1190 1366 se,
1226 1324 1313 1372 quia
1331 1331 1488 1361 nemo20

159 1377 183 1396 “
201 1388 298 1410 unus
318 1375 408 1419 satis
436 1375 574 1424 dignus
594 1387 710 1423 regno
740 1375 838 1410 visus
859 1375 920 1417 sit,
950 1382 1074 1423 partes
1105 1375 1211 1424 regni
1246 1376 1441 1424 rapuisse;

159 1429 182 1449 “
202 1427 298 1463 bona
317 1440 385 1463 sua
404 1427 616 1476 diripienda
634 1427 771 1475 populo
787 1427 949 1469 dedisse,
971 1439 1019 1463 ne
1039 1427 1121 1475 quis
1141 1440 1274 1475 expers
1290 1428 1443 1464 sceleris

159 1482 182 1501 ((
199 1488 309 1516 esset.
367 1479 530 1516 Patriam
550 1492 592 1515 se
612 1491 845 1527 regnumque
865 1491 975 1515 suum
1005 1486 1189 1526 repetere,
1212 1487 1250 1515 et
1269 1480 1442 1528 persequi

159 1531 367 1580 “ingratos
405 1531 508 1567 cives
550 1531 655 1566 velle.
723 1530 884 1566 Ferrent
911 1543 1034 1578 opem,
1065 1531 1309 1579 adjuvarent·
1300 1560 1309 1575 ,
1356 1544 1443 1568 suas

159 1587 183 1606 ‘⁴
199 1596 346 1632 quoque
367 1590 510 1619 veteres
539 1583 694 1631 injurias
714 1582 833 1618 ultum
855 1583 963 1624 irent,
995 1582 1104 1618 toties
1124 1595 1240 1618 caesas
1260 1583 1441 1631 legioneS,
1454 1590 1487 1615 25

160 1639 183 1659 ‘⁴
201 1648 330 1684 agrum
353 1635 583 1683 ademptum.
590 1634 612 1650 ⁷³
670 1634 766 1670 Haec
787 1641 984 1670 moverunt
1009 1634 1213 1682 Vejentes·
1205 1663 1213 1678 ,
1253 1647 1297 1670 ac
1317 1647 1384 1683 pro
1402 1648 1442 1672 se

158 1688 328 1737 quisque,
353 1687 528 1723 Romano
548 1686 679 1722 saltem
700 1686 811 1728 duce,
844 1685 1070 1734 ignominias
1089 1686 1308 1728 demendas,
1330 1687 1443 1724 bello-

159 1753 230 1789 que
262 1739 398 1775 amissa
434 1738 651 1787 repetenda,
687 1738 885 1774 minaciter
914 1738 1088 1774 fremunt.
1145 1738 1443 1786 Tarquinienses

158 1804 298 1838 nornen
319 1803 364 1827 ac
384 1790 559 1839 cognatio
578 1797 701 1826 movet
718 1802 726 1826 t
755 1789 955 1838 pulchrum
974 1790 1179 1836 videbatur,
1201 1803 1286 1827 suos
1306 1790 1441 1827 Romae

160 1856 329 1893 regnare.
385 1842 444 1878 Ita
463 1843 538 1878 duo
557 1843 714 1878 duarum
735 1842 943 1878 civitatium
977 1842 1179 1885 exercitus,
1207 1843 1252 1878 ad
1272 1850 1441 1890 repeten-
1454 1849 1486 1874 30

160 1896 249 1932 dum
269 1906 427 1943 regnum
449 1894 620 1941 belloque
649 1894 927 1941 persequendos
957 1894 1164 1936 Romanos,
1199 1894 1318 1930 secuti
1345 1894 1441 1930 'Far-

159 1948 342 1996 quinium.
401 1945 600 1993 Postquam
632 1945 669 1981 in
703 1957 835 1993 agrum
859 1945 1077 1981 Romanum
1098 1953 1249 1982 ventum
1279 1953 1347 1988 est,
1377 1946 1441 1982 ob-

160 2000 258 2036 viam
279 1998 375 2034 hosti
405 1997 581 2034 consules
609 2004 711 2033 eunt.
768 1997 942 2033 Valerius
970 1997 1151 2044 quadrato
1169 1998 1319 2046 agmine
1339 1998 1442 2046 pedi-

160 2059 236 2088 tem
257 2050 383 2087 ducit:
420 2049 560 2086 Brutus
580 2049 626 2085 ad
646 2048 915 2097 explorandum
937 2061 1023 2085 cum
1041 2049 1206 2096 equitatu
1226 2051 1439 2086 antecessit.

160 2103 306 2140 Eodem
327 2101 438 2138 modo
455 2101 599 2149 primus
627 2113 742 2148 eques
774 2101 936 2136 hostium
970 2101 1131 2149 agminis
1164 2100 1233 2136 fuit
1267 2101 1487 2149 (praeerat85

162 2158 291 2192 Aruns
324 2153 568 2202 Tarquinius,
599 2153 696 2189 filius
724 2153 871 2202 regis):
914 2165 980 2188 rex
1009 2153 1085 2200 ipse
1114 2164 1200 2188 cum
1231 2152 1442 2201 legionibus

161 2207 398 2254 sequebatur.
455 2206 596 2251 Aruns,
616 2205 680 2241 ubi
701 2217 748 2240 ex
767 2204 960 2240 lictoribus
980 2204 1108 2251 procul
1129 2205 1322 2240 consulem
1344 2217 1440 2251 esse,

160 2259 298 2294 deinde
316 2258 392 2305 jam
412 2257 568 2305 propius
587 2269 632 2293 ac
652 2255 790 2292 certius
823 2255 919 2291 facie
952 2268 1097 2303 quoque
1118 2255 1274 2292 Brutum
1302 2269 1442 2305 cogno-

160 2310 225 2356 vit,
262 2309 516 2346 inflammatus
545 2309 612 2350 ira,
642 2308 748 2343 “Ille
768 2314 824 2344 est
852 2307 943 2349 vir,’'
984 2307 1114 2355 inquit,
1143 2311 1165 2329 ((
1183 2308 1246 2355 qui
1284 2321 1352 2345 nos
1376 2321 1441 2345 ex-

161 2364 185 2385 ((
202 2369 319 2398 torres
349 2360 491 2408 expulit
523 2360 654 2408 patria.
721 2359 820 2407 Ipse,
857 2371 919 2405 en,
958 2359 1031 2402 ille,
1071 2360 1206 2396 nostris
1242 2361 1485 2397 decoratus4⁰

160 2416 185 2436 “
203 2413 427 2462 insignibus,
448 2411 648 2461 magnifice
670 2411 822 2447 incedit.
880 2411 943 2447 Dii
963 2424 1093 2460 regum
1108 2412 1258 2457 ultores,
1272 2412 1439 2448 adeste.'’

162 2466 339 2503 Concitat
357 2464 568 2501 calcaribus
586 2476 735 2511 equum,
757 2470 866 2510 atque
897 2463 933 2499 in
968 2463 1089 2512 ipsum
1121 2464 1277 2500 infestus
1306 2476 1440 2515 cousu-
