1617 2765
159 202 212 240 93
687 204 779 235 ΤΙΤΙ
803 205 910 236 LIVII

161 299 264 334 ‘'-tim
299 310 368 334 nec
401 311 470 335 nos
502 305 755 348 temperemus
785 300 964 348 imperiis,
985 299 1056 348 quo
1087 301 1215 338 minsis
1241 301 1292 338 illi
1313 302 1440 339 auxilii

162 350 374 398 “egeant.''
429 350 562 390 Quum
601 352 683 388 liaec
716 365 762 388 ex
799 353 900 389 omni
934 361 1036 401 parte
1069 353 1314 402 jactarentur,
1352 354 1441 390 victi

160 414 348 438 consensu
369 403 586 446 decemviri,
608 403 752 440 futuros
773 417 823 449 se,
850 405 1001 452 quando
1021 406 1071 441 ita
1100 406 1280 448 videatur,
1311 406 1349 442 in
1378 419 1443 454 po-

160 461 293 491 testate
315 454 466 492 Patrum
487 455 686 492 affirmant.
745 456 786 492 Id
809 455 918 493 modo
947 457 1055 493 simul
1081 466 1189 494 orant
1209 471 1253 494 ac
1275 466 1441 501 monent,

159 514 200 543 ut
220 506 309 555 ipsis
329 508 376 544 ab
396 507 535 543 invidis
556 516 756 553 caveatur;
787 522 858 546 nec
879 522 946 546 suo
966 510 1151 559 sanguine
1184 510 1230 546 ad
1260 510 1444 559 supplicia
1473 520 1489 545 5

160 557 314 595 Patrum
334 560 482 609 plebem
504 560 768 597 assuefaciant.

212 663 321 701 LIII.
352 664 455 701 Turn
476 665 651 702 Valerius
671 666 938 714 Horatiusque,
968 667 1083 712 missi,
1113 667 1158 703 ad
1189 666 1336 715 plebem
1357 679 1445 703 con-

159 716 379 760 ditionibus,
409 718 545 766 quibus
576 718 775 761 videretur,
810 719 1059 755 revocandam
1089 719 1444 767 componendasque

159 781 231 810 reS,
254 770 480 806 decemviris
499 783 646 818 quoque
666 770 713 806 ab
733 771 785 806 ira
813 778 850 806 et
871 770 1011 818 impetu
1032 771 1285 807 multitudinis
1306 783 1446 819 praeca-

125 823 133 831 '
159 832 245 856 vere
262 821 456 869 jubentur.
514 822 678 858 Profecti
707 822 846 871 gaudio
880 823 1024 871 ingenti
1044 822 1164 870 plebis
1185 823 1222 858 in
1243 830 1367 858 castra
1385 835 1446 858 ac·
1462 834 1490 858 ιο

159 872 374 920 cipiuntur3
421 874 557 922 quippe
577 874 794 911 liberatores
824 875 924 911 haud
955 873 1070 910 dubie
1100 882 1138 911 et
1170 874 1297 911 motfis
1326 874 1445 917 initio,

160 933 195 960 ot
216 925 321 961 exitu
342 926 408 962 rei.
465 926 528 962 Ob
559 927 639 963 haec
673 927 961 963 advenientibus
993 927 1123 976 gratiae
1153 935 1258 963 actae.
1315 926 1447 963 Icilius

161 990 226 1025 pro
256 978 497 1014 multitudine
517 979 630 1015 verba
650 979 750 1015 facit.
809 979 930 1022 Idem,
950 992 1064 1027 quum
1086 979 1133 1015 de
1161 978 1446 1015 conditionibus

160 1037 347 1077 ageretur,
368 1031 623 1079 quaerentibus
656 1031 802 1080 legatiS‚
835 1044 917 1079 quae
945 1031 1131 1080 postulata
1158 1031 1278 1079 plebis
1306 1037 1444 1073 essent,

161 1083 370 1130 composito
385 1083 462 1132 jam
493 1091 580 1119 ante
600 1084 802 1119 adventum
830 1083 1036 1132 legatorum
1067 1083 1238 1126 consilio,
1259 1096 1303 1119 ea
1322 1090 1491 1132 postu-15

160 1133 262 1180 lavit,
280 1142 320 1171 ut
340 1143 546 1184 appareret,
570 1135 606 1172 in
628 1136 801 1184 aequitate
834 1149 958 1172 rerum
991 1135 1085 1184 plus,
1117 1136 1229 1183 quam
1251 1135 1288 1171 in
1319 1134 1445 1177 armis,

161 1186 292 1234 reponi
312 1187 403 1235 spei.
461 1187 689 1224 Potestatem
710 1188 812 1224 enim
844 1188 1096 1231 tribuniciam,
1128 1187 1448 1235 provocationem-

161 1250 233 1285 que
254 1239 488 1287 repetebant,
507 1252 590 1288 quze
619 1247 706 1276 ante
736 1240 971 1277 decemviros
989 1247 1136 1276 creatos
1157 1239 1295 1275 auxilia
1327 1238 1448 1286 plebis

163 1290 312 1327 fuerant
332 1304 340 1336 ;
370 1299 407 1328 et
426 1304 474 1328 ne
495 1292 557 1328 cui
578 1291 701 1328 fraudi
721 1300 833 1334 esset,
854 1292 1028 1329 concisse
1048 1291 1186 1328 milites
1207 1299 1270 1327 aut
1298 1292 1446 1340 plebem

161 1343 208 1378 ad
229 1344 474 1392 repetendam
495 1356 560 1392 per
582 1345 836 1380 secessionem
856 1345 1078 1381 libertatem.
1137 1344 1194 1380 De
1215 1344 1492 1380 decemviro-20

161 1408 243 1431 rum
265 1395 379 1432 mod&
399 1396 584 1445 supplicio
605 1404 708 1433 atrox
729 1397 956 1445 postulatum
978 1397 1056 1433 fuit.
1114 1395 1213 1432 Dedi
1234 1397 1371 1445 quippe
1384 1409 1449 1434 cos

162 1460 310 1496 aequum
332 1449 551 1494 censebant,
574 1449 748 1497 vivosque
769 1449 847 1498 igni
868 1456 1174 1486 concrematuros
1195 1449 1447 1486 minabantur.

162 1499 296 1549 Legati
317 1501 363 1537 ad
384 1514 453 1538 ea:
500 1504 523 1523 “
538 1501 639 1540 Quae
660 1501 807 1538 consilii
830 1501 992 1545 suerunt,
1027 1500 1120 1537 adeo
1144 1513 1249 1548 aequa
1269 1501 1450 1549 postulas-

161 1554 185 1574 “
200 1553 257 1598 tis,
288 1561 329 1589 ut
357 1553 453 1590 ultro
482 1553 587 1590 vobis
625 1553 832 1590 deferenda
866 1554 1035 1590 suerint:
1082 1553 1244 1589 libertati
1273 1553 1375 1589 enim
1405 1567 1450 1590 ea

161 1605 372 1654 “praesidia
391 1606 529 1654 petitis,
551 1619 626 1642 non
646 1606 810 1642 licentiae
841 1606 888 1642 ad
922 1605 1199 1654 impugnandos
1219 1605 1321 1641 alios.
1378 1604 1494 1643 lraeffi

161 1660 186 1679 “
202 1665 333 1694 vestrae
383 1659 503 1707 magis
545 1658 833 1706 ignoscendum,
880 1657 992 1706 quam
1041 1657 1315 1706 indulgendum
1362 1666 1418 1695 est
1439 1672 1448 1703 3

162 1712 186 1732 “
200 1711 338 1758 quippe
358 1710 421 1758 qui
441 1710 676 1746 crudelitatis
694 1711 781 1747 odio
810 1710 848 1746 in
869 1710 1132 1746 crudelitatem
1153 1709 1273 1752 ruitis,
1294 1717 1331 1746 et
1350 1710 1450 1758 prius

162 1765 321 1811 “paene,
342 1762 453 1811 quarn
480 1762 549 1811 ipsi
570 1762 677 1799 liberi
707 1762 799 1805 sitis,
829 1762 1014 1798 dominari
1040 1762 1117 1811 jam
1151 1761 1188 1798 in
1219 1761 1450 1799 adversarios

163 1819 187 1838 ‘⁶
205 1815 326 1851 vultis.
391 1815 650 1863 Nunquamne
677 1815 847 1863 quiescet
875 1814 1007 1851 civitas
1040 1821 1166 1850 nostra
1194 1827 1216 1850 a
1243 1814 1448 1862 suppliciis,

164 1872 188 1891 “
202 1875 266 1904 aut
294 1867 448 1904 Patrum
478 1867 516 1903 in
545 1867 693 1915 plebem
724 1867 955 1912 Romanam,
984 1874 1048 1902 aut
1074 1866 1194 1914 plebis
1224 1866 1261 1902 in
1290 1865 1495 1903 Patrestao

163 1924 187 1943 “
203 1920 321 1956 Scuto
350 1919 455 1956 vobis
483 1919 603 1967 magis
622 1919 732 1966 quam
761 1919 887 1967 gladio
906 1931 1000 1966 opus
1019 1925 1087 1954 est.
1145 1918 1245 1953 Satis
1265 1931 1450 1967 superque

164 1971 355 2008 “humilis
375 1978 442 2017 est,
464 1971 524 2019 qui
543 1971 626 2019 jure
647 1983 752 2018 aequo
773 1971 809 2006 in
840 1970 990 2006 civitate
1011 1970 1111 2012 vivit,
1147 1982 1220 2006 nec
1251 1970 1450 2008 inferendo

164 2029 188 2048 “
201 2024 391 2073 injuriam,
413 2036 486 2060 nec
506 2023 695 2071 patiendo.
753 2022 892 2065 Etiam,
914 2022 943 2058 si
972 2022 1123 2070 quando
1142 2023 1366 2059 metuendos
1388 2035 1450 2060 vos

164 2076 393 2125 “praebituri
422 2075 524 2118 estis,
558 2088 686 2124 quum,
716 2074 948 2124 recuperatis
981 2074 1260 2123 magistratibus
1288 2074 1453 2123 legibus*

164 2132 274 2177 “que
295 2128 439 2172 vestris,
457 2127 603 2177 judicia
621 2140 739 2176 penes
766 2139 831 2164 vos
859 2133 970 2163 erunt
997 2126 1044 2162 de
1074 2126 1196 2174 capite
1226 2134 1351 2164 nostro
1382 2127 1446 2164 sor·
1463 2135 1496 2160 35

165 2181 403 2229 “tunisque3
451 2188 556 2223 tunc,
591 2188 631 2216 ut
657 2192 814 2228 quteque
844 2191 959 2216 causa
987 2178 1068 2224 erit,
1098 2179 1299 2216 statuetis:
1346 2192 1449 2216 nunc

164 2235 188 2255 “
202 2233 413 2270 libertatem
434 2232 550 2282 repeti
571 2232 662 2269 satis
680 2232 774 2269 est.'’

219 2337 324 2374 LIV.
374 2337 574 2383 Facerem,
596 2344 636 2373 ut
657 2337 807 2379 vellent,
837 2336 1141 2385 permittentibus
1171 2336 1332 2379 cunctis,
1364 2349 1446 2374 mox

167 2390 352 2428 redituros
372 2402 412 2426 se
433 2390 545 2438 legati
567 2390 678 2426 rebus
698 2389 874 2437 perfectis
895 2389 1093 2425 affirmant.
1151 2388 1313 2425 Profecti
1334 2401 1448 2436 quum

168 2443 346 2479 mandata
365 2442 486 2491 plebis
506 2441 679 2478 Patribus
712 2441 984 2490 exposuissent,
1015 2441 1076 2477 alii
1097 2441 1314 2483 decemviri,
1334 2453 1451 2488 quan-
1464 2449 1496 2474 ⁴0

170 2496 383 2544 doquidem,
405 2502 539 2543 praeter
559 2507 663 2543 spem
684 2494 862 2543 ipsorum,
892 2493 1065 2542 supplicii
1099 2494 1156 2530 sui
1188 2493 1290 2530 nulla
1311 2493 1450 2530 mentio
