1638 2765
213 217 265 255 22
744 214 835 245 ΤΙΤΙ
857 214 967 245 LIVII

214 310 324 347 cavit.
379 310 561 347 Omnium
582 316 707 346 tamen
738 309 941 345 maximum
972 308 1054 357 ejus
1082 320 1237 356 operum
1270 307 1338 344 fuit
1357 308 1485 352 tutela,

240 375 280 399 er
311 375 422 399 omne
452 362 559 410 regni
591 369 752 410 tempus,
785 361 886 397 haud
916 360 1037 396 minor
1070 361 1185 408 pacis,
1223 373 1332 408 quam
1367 361 1486 409 regni.

215 375 274 451 Ita
292 415 366 451 duo
385 414 565 462 deinceps
584 425 704 461 reges,
735 412 831 448 alius
864 413 935 448 alia
964 412 1035 458 via,
1066 412 1127 448 ille
1157 412 1266 457 bello,
1297 413 1359 448 hic
1378 425 1486 470 pace,

214 466 403 503 civitatem
423 472 618 502 auxerunt.
675 464 864 501 Romulus
893 471 1034 512 septem
1065 471 1103 500 et
1134 464 1288 512 triginta
1319 465 1489 513 regnavit

214 530 356 562 annos3
387 518 516 554 Numa
535 524 610 553 tres
628 523 666 553 et
684 516 943 564 quadraginta.
999 515 1103 552 Tum
1133 516 1267 559 valida,
1297 522 1378 552 tum
1397 523 1489 552 tem·
1517 529 1534 553 5

214 577 343 619 perata
361 577 399 606 et
419 569 505 606 belli
524 576 562 605 et
580 569 684 617 pacis
704 568 858 612 artibus,
879 574 959 604 erat
977 567 1122 605 civitas.

266 674 401 711 XXII.
432 674 569 710 Numae
602 680 720 711 morte
753 673 799 709 ad
833 673 1091 721 interregnum
1123 684 1183 708 res
1215 672 1337 709 rediit.
1394 672 1534 718 Inde?

215 726 373 763 Tullum
396 726 613 773 Hostilium,
646 732 820 773 nepotem
855 725 1021 767 Hostilii,
1055 724 1163 773 cujus
1196 724 1234 760 in
1255 724 1381 760 infima
1403 737 1488 761 arce
1509 733 1526 760 τ’

215 778 318 814 clara
337 790 464 827 pugna
483 778 660 814 adversus
689 776 850 813 Sabinos
882 776 1014 818 fuerat,
1035 788 1161 824 regem
1182 777 1340 824 populus
1356 776 1487 824 jussit:
1509 770 1534 811 {⁷3

214 829 344 866 Patres
363 837 535 866 auctores
554 829 655 865 facti.
704 828 780 864 IIic
801 840 876 865 non
896 827 1022 864 solum
1041 827 1210 876 proximo
1229 828 1308 876 regi
1328 828 1489 864 dissimi-
1509 847 1525 873 ᾳ

214 881 270 927 lis,
291 881 356 917 sed
377 881 534 918 ferocior
553 881 666 918 etiam
687 880 854 917 Romulo
874 880 943 916 fuit
960 893 967 914 :
997 887 1076 916 tum
1098 887 1186 915 aetas
1205 879 1388 927 viresque,
1408 886 1487 916 tum
1509 888 1526 914 .“

213 934 312 970 avita
338 946 484 982 quoque
513 933 632 982 gloria
659 933 826 969 animum
856 932 1082 968 stimulabat.
1139 932 1349 968 Senescere
1376 924 1533 980 igitur}

213 985 402 1022 civitatem
431 986 506 1023 otio
525 993 638 1030 ratus,
659 984 824 1032 undique
845 984 1038 1020 materiam
1067 983 1257 1020 excitandi
1285 984 1370 1020 belli
1390 983 1531 1032 quae-”‘'

213 1038 328 1074 rebat.
385 1037 498 1074 Forte
522 1037 659 1083 evenit,
682 1044 723 1073 ut
746 1044 913 1085 agrestes
940 1036 1105 1073 Romani
1130 1048 1177 1071 ex
1205 1035 1356 1072 Albano
1385 1048 1486 1084 agro,

213 1089 354 1126 Albani
373 1102 420 1126 ex
440 1090 629 1132 Romano,
659 1089 804 1137 praedas
824 1089 862 1125 in
881 1089 1002 1125 vicem
1022 1095 1187 1137 agerent.
1245 1087 1488 1136 Imperitabat
1503 1093 1531 1119 15

212 1148 291 1178 tum
313 1143 357 1178 C.
378 1142 540 1178 Cluilius
560 1141 680 1178 Albae.
737 1141 932 1189 Utrimque
953 1140 1066 1189 legati
1092 1139 1167 1177 fere
1187 1139 1256 1176 sub
1276 1140 1376 1176 idem
1396 1147 1488 1176 tem-

211 1206 282 1242 pus
302 1195 348 1230 ad
381 1207 440 1230 res
468 1193 691 1243 repetendas
719 1193 836 1229 missi.
891 1193 1029 1230 Tullus
1057 1200 1286 1241 praeceperat
1318 1192 1406 1238 suis,
1439 1205 1487 1229 ne

213 1246 304 1293 quid
332 1246 445 1295 prius,
474 1246 585 1295 quam
622 1245 811 1292 mandata,
841 1251 1024 1294 agerent:
1071 1244 1159 1281 satis
1188 1244 1343 1287 sciebat,
1373 1256 1488 1293 nega-

212 1305 337 1335 turum
359 1298 578 1343 Albanum,
568 1311 577 1319 ·
613 1298 664 1334 ita
682 1297 745 1346 pie
766 1297 905 1334 bellum
926 1297 1043 1334 indici
1062 1309 1182 1346 posse.
1239 1296 1302 1333 Ab
1327 1296 1488 1333 Albanis

213 1351 404 1387 socordius
432 1363 491 1388 res
519 1357 629 1388 acta:
675 1349 826 1409 excepti
856 1349 1015 1408 hospitio
1050 1349 1097 1386 ab
1131 1348 1247 1386 Tullo
1274 1348 1413 1385 blande
1442 1352 1531 1385 ac·20

212 1402 392 1457 benigne,
422 1403 579 1444 comiter
616 1402 716 1466 regis
757 1401 970 1442 convivium
998 1401 1202 1441 celebrant.
1284 1400 1487 1452 Tantisper

213 1459 380 1498 Romani
408 1468 446 1498 et
474 1473 533 1498 res
552 1460 803 1509 repetiverant
821 1458 976 1507 priores,
1009 1464 1047 1494 et
1065 1455 1220 1506 neganti
1241 1454 1391 1493 Albano
1411 1455 1487 1493 bel-

211 1512 288 1549 lum
325 1513 364 1550 in
403 1513 637 1562 trigesimum
680 1512 781 1548 diem
824 1510 1049 1547 indixerant.
1132 1508 1232 1546 Haec
1267 1508 1487 1545 renuntiant

213 1565 354 1602 Tullo·
382 1572 462 1602 tum
482 1564 614 1614 legatis
633 1563 770 1601 Tullus
789 1562 940 1599 dicendi
957 1567 1188 1620 potestatem,
1208 1560 1297 1609 quid
1316 1566 1486 1608 petentes

211 1617 393 1663 venerint,
431 1617 533 1653 facit.
599 1616 673 1661 Illi,
705 1615 875 1652 omnium
917 1613 1050 1662 ignari,
1087 1612 1249 1670 primum
1290 1612 1531 1660 purgando&

211 1675 337 1706 terunt
355 1676 528 1717 ternpus.
583 1670 607 1690 “
622 1669 671 1705 Se
693 1667 827 1705 invitos
845 1666 1058 1715 quidquam,
1079 1665 1177 1714 quod
1199 1665 1321 1701 minus
1339 1664 1487 1712 placeat

211 1722 378 1768 “Tullo
408 1722 595 1765 dicturos;
643 1721 709 1756 sed
742 1720 897 1768 imperio
927 1717 1076 1766 subigi:
1123 1730 1182 1754 res
1218 1716 1416 1765 repetitum
1446 1728 1486 1753 se

211 1774 236 1795 “
252 1774 408 1810 venisse.
465 1773 517 1810 Ni
534 1773 750 1816 reddantur,
767 1772 906 1808 bellum
923 1770 1090 1808 indicere
1106 1769 1240 1818 jussos.
1245 1769 1265 1785 '¹
1322 1768 1384 1804 Ad
1404 1769 1486 1806 haec

211 1826 362 1869 Tullus,
382 1827 406 1848 “
420 1825 618 1872 Nuntiate
621 1825 644 1842 ''
666 1825 797 1873 inquit,
831 1823 947 1872 “regi
969 1829 1100 1865 vestro,
1120 1833 1247 1870 regem
1268 1820 1485 1858 Romanum

211 1881 236 1901 “
252 1878 355 1914 Deos
375 1877 498 1914 facere
519 1856 644 1919 testes,
665 1884 747 1913 uter
766 1876 865 1925 prius
897 1875 1055 1924 populus
1079 1886 1138 1910 res
1157 1879 1368 1922 repetentes
1387 1872 1485 1921 Iega-
1498 1876 1530 1902 30

210 1931 308 1967 “tos
327 1930 572 1978 adspernatus
591 1928 787 1972 dimiserit,
808 1936 849 1964 ut
868 1927 906 1963 in
926 1939 1011 1963 eum
1023 1938 1155 1963 omnes
1167 1931 1343 1974 expetant
1358 1925 1485 1974 hujus-

209 1983 233 2005 “
250 1995 295 2019 ee
315 1982 442 2018 clades
461 1981 585 2018 belli.''

261 2086 418 2124 XXIII.
449 2086 545 2124 Haec
564 2086 740 2123 nuntiant
758 2085 909 2122 domum
931 2082 1083 2120 Albani.
1130 2082 1179 2119 Et
1198 2081 1336 2118 bellum
1357 2081 1484 2117 utrim-
1503 2090 1521 2106 <²

209 2152 281 2187 que
301 2152 445 2175 summa
463 2152 534 2188 ope
553 2139 762 2188 parabatur,
784 2136 884 2174 civili
905 2136 1135 2172 simillimum
1155 2134 1265 2178 bello,
1290 2146 1402 2182 prope
1430 2133 1484 2170 in-

209 2198 266 2227 ter
286 2198 460 2239 parentes
479 2198 685 2239 natosque3
733 2189 938 2237 Trojanam
969 2195 1164 2235 utramque
1185 2186 1338 2235 prolem,
1368 2169 1528 2243 quumiffi

210 2242 408 2279 Lavinium
429 2243 475 2279 ab
505 2243 632 2291 Troja‚
663 2243 709 2279 ab
737 2241 895 2278 Lavinio
917 2239 1026 2282 Alba,
1047 2239 1094 2275 ab
1114 2239 1348 2275 Albanorum
1369 2238 1510 2286 stirpe
1503 2247 1520 2262 >

209 2307 340 2343 regum
360 2295 508 2331 oriundi
530 2295 695 2331 Romani
715 2300 852 2330 essent.
908 2291 1077 2328 Eventus
1106 2298 1231 2327 tamen
1253 2290 1339 2326 belli
1360 2289 1520 2325 minus?

209 2347 459 2383 miserabilem
489 2347 770 2383 dimicationem
799 2344 913 2387 fecit,
953 2342 1051 2391 quod
1081 2355 1153 2379 nec
1187 2342 1268 2378 acie
1298 2348 1480 2378 certatum
1502 2341 1526 2380 ,Ξῖ

209 2407 289 2443 est;
336 2405 386 2442 et,
419 2399 529 2435 tectis
561 2398 671 2434 modo
704 2397 836 2434 dirutis
865 2396 1017 2432 alterius
1045 2395 1158 2440 urbis,
1187 2395 1262 2430 duo
1288 2393 1411 2443 populi
1442 2385 1527 2429 in*

209 2463 326 2486 unum
355 2450 501 2486 confusi
530 2457 627 2486 sunt.
702 2449 840 2486 Albani
883 2448 1023 2496 priores
1063 2447 1206 2496 ingenti
1245 2445 1413 2482 exercitu
1442 2444 1479 2480 in
1494 2452 1526 2476 40

209 2515 340 2552 agrum
368 2503 585 2539 Romanum
620 2502 799 2551 impetum
828 2501 979 2537 secere:
1026 2506 1148 2536 castra
1177 2499 1222 2535 ab
1250 2497 1350 2535 Urbe
1381 2496 1480 2532 haud
