1617 2765
578 180 719 211 LIBER
742 179 867 210 XXVI.
892 188 973 210 CAP.
992 188 1038 210 xx.
1378 182 1456 220 213

171 277 390 327 municipia,
411 287 566 334 quaeque
585 281 735 334 propter
755 286 840 311 eam
861 273 958 310 viam
993 280 1094 320 sunt,
1126 273 1282 317 Setiam,
1304 275 1455 322 Coram,

171 330 398 376 Lanuvium,
431 327 623 377 praemisit,
657 334 698 363 ut
727 334 963 363 commeatus
995 337 1144 375 paratos
1172 333 1211 362 et
1243 326 1281 363 in
1302 328 1457 365 urbibus

170 383 365 424 haberent,
386 388 423 418 et
442 393 490 417 ex
511 380 610 429 agris
630 379 777 416 deviis
769 392 807 416 in
840 379 937 415 viam
966 378 1188 427 proferrent,
1209 378 1456 428 praesidiaque

169 435 207 471 in
229 435 340 471 urbes
368 433 649 480 contraherent,
679 439 720 469 ut
753 444 822 468 sua
851 431 989 480 cuique
1013 443 1072 468 res
1091 431 1245 480 publica
1273 431 1311 468 in
1342 444 1453 469 manu

139 494 279 524 5esset.

219 592 292 629 IX.
323 591 532 640 Hannibal,
551 604 626 641 quo
645 591 706 628 die
726 590 958 628 Vulturnum
989 597 1046 627 est
1064 597 1335 640 transgressus,
1357 589 1458 627 haud

165 644 294 694 procul
316 657 337 681 a
357 645 512 681 flumine
533 652 656 681 castra
674 643 810 693 posuit.
868 644 1023 680 Postero
1040 643 1101 680 die
1121 650 1255 692 praeter
1275 642 1389 679 Cales
1418 643 1457 679 in

165 709 298 747 agrum
319 697 534 734 Sidicinum
554 697 748 746 pervenit:
793 696 844 733 ibi
865 697 965 733 diem
996 708 1115 732 unum
1146 695 1361 744 populando
1381 708 1458 732 mo-

165 756 280 796 ratus,
309 763 375 799 per
397 750 617 787 Suessulam
640 749 926 797 Allifanumque
943 756 979 786 et
1001 748 1222 786 Casinatem
1243 760 1376 798 agrum
1398 748 1457 784 via

124 813 153 838 ιο
166 801 306 839 Latina
325 803 442 839 ducit.
501 803 582 839 Sub
600 802 785 839 Casinum
807 802 921 838 biduo
941 801 1077 838 stativa
1098 801 1238 844 habita,
1260 808 1297 837 et
1317 801 1456 850 passim

165 854 426 904 populationes
459 855 580 892 sactae.
638 855 748 898 Inde,
786 861 920 903 praeter
956 854 1214 891 Interamnam
1244 853 1458 902 Aquinum-

165 919 250 955 que,
272 908 310 944 in
332 907 601 957 Fregellanum
622 920 754 955 agrum
775 907 822 943 ad
853 906 973 943 Lirim
993 906 1148 943 fluvium
1169 913 1322 943 ventum
1340 919 1348 951 ;
1392 906 1457 943 ubi

165 959 388 996 intercisum
418 967 570 1008 pontem
591 972 613 996 a
633 959 870 1008 Fregellanis
889 959 1061 995 morandi
1089 959 1235 995 itineris
1267 959 1381 995 causa
1403 958 1458 995 in-

165 1011 279 1048 venit.
346 1012 396 1048 Et
416 1011 593 1048 Fulvium
614 1011 827 1048 Vulturnus
858 1018 1033 1047 tenuerat
1062 1011 1198 1054 amnis,
1220 1011 1380 1047 navibus
1409 1011 1456 1047 ab

122 1074 151 1099 15
165 1063 384 1101 Hannibale
422 1064 603 1111 incensis,
632 1070 731 1100 rates
774 1063 820 1100 ad
860 1063 1130 1113 trajiciendum
1159 1063 1388 1107 exercitum,
1419 1063 1457 1100 in

164 1117 306 1166 magna
325 1117 453 1166 inopia
472 1116 652 1162 materiae,
674 1116 772 1165 aegre
802 1123 1098 1165 comparantem.
1157 1115 1339 1166 Trajecto
1369 1116 1459 1153 rati-

165 1169 236 1206 bus
254 1170 424 1206 exercitu
443 1169 631 1218 reliquum
651 1168 785 1205 Fulvio
805 1169 1024 1217 expeditum
1046 1169 1127 1213 iter,
1149 1181 1225 1205 non
1256 1181 1322 1217 per
1342 1169 1456 1205 urbes

165 1221 288 1268 modo,
309 1222 375 1259 sed
395 1222 499 1259 circa
519 1222 631 1268 viam,
651 1221 830 1270 expositis
850 1221 1014 1271 benigne
1037 1221 1324 1267 commeatibus,
1346 1228 1427 1258 erat
1445 1233 1453 1258 :

165 1274 383 1323 alacresque
404 1274 542 1311 milites
571 1274 667 1311 alius
700 1274 829 1318 alium,
866 1281 906 1310 ut
925 1274 1081 1310 adderet
1108 1274 1279 1323 gradum,
1314 1286 1456 1311 memor

118 1336 151 1362 20
165 1327 212 1363 ad
241 1326 521 1364 defendendam
551 1326 604 1363 ire
633 1326 805 1379 patriam,
845 1327 1101 1363 hortabantur.
1171 1326 1337 1363 Romam
1369 1325 1459 1362 Fre-

164 1379 338 1428 gellanus
358 1379 527 1423 nuntius,
549 1379 650 1416 diem
671 1386 897 1427 noctemque
915 1379 1049 1416 itinere
1070 1378 1304 1422 continuato,
1327 1378 1458 1427 ingen-

165 1438 242 1468 tem
258 1432 382 1469 attulit
394 1438 599 1469 terrorem:
619 1431 905 1475 tumultuosius,
919 1444 1033 1480 quam
1050 1431 1204 1468 allatum
1219 1438 1310 1477 erat,
1325 1443 1458 1468 cursus

164 1483 374 1531 hominum,
396 1484 660 1534 affingentium
680 1496 777 1520 vana
796 1484 948 1530 auditis,
983 1490 1100 1521 totam
1121 1484 1253 1520 urbem
1282 1483 1459 1520 concive-

164 1542 231 1573 rat.
288 1536 460 1574 Ploratus
480 1536 681 1573 mulierum
702 1548 778 1573 non
808 1549 857 1573 ex
887 1536 1040 1585 privatis
1060 1535 1179 1573 solum
1200 1536 1375 1572 domibus
1395 1548 1458 1572 ex-

117 1597 150 1623 25
164 1588 412 1634 audiebatur3
442 1589 509 1626 sed
529 1589 696 1638 undique
718 1596 912 1636 matronae,
944 1589 981 1626 in
1010 1589 1205 1638 publicum
1226 1588 1367 1634 effusae,
1389 1587 1460 1625 cir-

164 1653 211 1678 ca
226 1640 350 1677 Deum
370 1642 528 1678 delubra
547 1642 778 1685 discurrunt,
801 1642 971 1679 crinibus
991 1641 1111 1690 passis
1142 1654 1225 1678 aras
1244 1648 1452 1684 verrentes,

164 1693 263 1730 nixae
282 1693 456 1743 genibus,
477 1694 633 1742 supinas
652 1706 788 1730 manus
808 1694 855 1731 ad
875 1694 1015 1731 coelum
1049 1706 1094 1730 ac
1114 1693 1218 1730 Deos
1237 1693 1454 1736 tendentes,

163 1752 404 1794 orantesque,
424 1753 466 1783 ut
486 1746 618 1783 urbem
640 1745 857 1783 Romanam
890 1759 911 1783 e
944 1746 1120 1783 manibus
1154 1745 1316 1782 hostium
1337 1745 1458 1794 eripe-

163 1805 272 1843 rent3
303 1805 515 1847 matresque
536 1798 734 1836 Romanas
753 1806 791 1836 et
810 1799 948 1835 liberos
967 1811 1099 1848 parvos
1119 1798 1316 1835 inviolatos
1337 1810 1458 1834 serva-

118 1859 151 1885 30
164 1857 260 1889 rent.
317 1851 485 1888 Senatus
510 1851 794 1900 magistratibus
807 1851 845 1888 in
867 1851 945 1888 foro
962 1858 1096 1900 praesto
1115 1858 1185 1898 est,
1206 1850 1236 1887 si
1253 1850 1342 1899 quid
1363 1863 1455 1887 con-

164 1903 286 1941 sulere
306 1903 435 1941 velint.
492 1903 571 1940 Alii
591 1903 786 1952 accipiunt
806 1904 974 1952 imperia,
1003 1903 1280 1952 disceduntque
1301 1903 1347 1939 ad
1369 1915 1457 1939 suas

163 1956 321 2006 quisque
339 1955 551 1994 officiorum
570 1962 694 2005 partes
712 1968 720 1991 ε
750 1956 812 1993 alii
832 1956 997 1993 offerunt
1016 1969 1068 2002 se,
1102 1956 1132 1993 si
1166 1955 1240 2004 quo
1260 1968 1351 1992 usus
1370 1968 1457 2005 ope-

163 2022 215 2046 rae
235 2009 307 2046 sit:
337 2008 512 2058 praesidia
533 2009 571 2045 in
601 2021 702 2052 arce,
724 2009 762 2046 in
797 2008 998 2058 Capitolio,
1029 2009 1067 2046 in
1097 2009 1228 2055 muris,
1259 2009 1364 2045 circa
1397 2021 1458 2045 ur-

164 2061 264 2105 bem,
286 2061 325 2098 in
341 2068 469 2098 monte
485 2061 599 2098 etiam
614 2061 765 2099 Albano
782 2069 892 2110 atque
909 2074 995 2098 arce
1037 2060 1238 2105 AEsulan5‚
1253 2067 1456 2110 ponuntur.

118 2122 151 2147 35
166 2113 271 2150 Inter
300 2114 404 2150 hunc
423 2114 640 2157 tumultum,
659 2114 712 2154 Q.
742 2114 919 2151 Fulvium
948 2114 1214 2164 proconsulem
1244 2113 1456 2163 profectum

165 2179 254 2203 cum
274 2166 444 2203 exercitu
465 2179 487 2203 a
505 2166 639 2215 Capua
659 2167 836 2212 affertur3
877 2167 940 2204 cui
971 2180 1019 2204 ne
1054 2167 1287 2204 minueretur
1307 2166 1457 2215 imperi-

166 2231 244 2265 um,
273 2218 304 2255 si
333 2219 373 2255 in
401 2218 544 2256 Urbem
573 2220 749 2268 venisset,
778 2220 954 2257 decernit
982 2227 1149 2266 senatus,
1179 2226 1220 2256 ut
1247 2218 1300 2259 Q.
1322 2218 1456 2256 Fulvio

166 2284 232 2320 par
261 2283 350 2308 cum
383 2271 603 2308 consulibus
635 2272 835 2322 imperium
856 2280 967 2310 esset.
1043 2272 1252 2319 Hannibal,
1282 2271 1456 2309 infestius

166 2323 412 2373 perpopulato
437 2336 528 2373 agro
557 2323 784 2374 Fregellano
804 2333 953 2375 propter
982 2325 1182 2363 intercisos
1215 2331 1360 2374 ponteS,
1391 2336 1456 2372 per

120 2383 153 2408 40
168 2376 408 2413 Frusinatem
430 2376 790 2427 Ferentinatemque
810 2385 847 2415 et
867 2379 1118 2428 Anagninum
1139 2391 1271 2428 agrum
1288 2378 1326 2414 in
1348 2376 1457 2412 Lavi-

167 2441 306 2466 canum
329 2429 453 2466 venit:
497 2429 585 2466 inde
616 2430 756 2480 Algido
775 2431 991 2468 Tusculum
1012 2432 1141 2481 petiit:
1185 2443 1258 2467 nec
1278 2434 1455 2476 receptus

167 2481 367 2529 moenibus,
389 2482 487 2519 infra
506 2481 720 2520 Tusculum
741 2484 957 2522 dextrorsus
976 2485 1118 2521 Gabios
1137 2481 1359 2520 descendit:
1401 2480 1456 2517 in-
