1617 2765
546 149 683 180 LIBER
705 148 815 178 XXX.
851 157 931 178 CAP.
956 158 1028 178 xm.
1381 149 1458 186 245

129 263 161 288 ἡ
178 244 227 281 ati
248 244 421 281 consules
441 243 518 280 Cn.
534 242 735 279 Cornelius
754 241 949 286 Lentulus,
972 241 1012 277 P.
1034 241 1157 277 AElius
1178 241 1323 278 Paetus:
1366 255 1458 290 prae-

132 293 156 338 ’ἑ
177 304 289 342 torem,
312 296 365 332 M.
385 295 524 332 ,lunius
543 294 710 337 Pennus,
732 294 793 330 cui
815 306 894 330 sors
914 293 1058 329 urbana
1077 293 1226 336 evenit3
1268 294 1322 329 M.
1345 294 1458 331 Vale-

141 352 156 377 ὀ
178 349 255 385 rius
275 348 381 385 Falto
401 347 578 389 Bruttios,
610 347 660 383 M.
682 345 824 382 Fabius
853 345 974 381 Buteo
1008 344 1234 389 Sardiniam,
1271 345 1311 380 P.
1335 345 1458 382 AElius

141 404 156 420 ⁴
178 400 333 438 Tubero
354 399 523 436 Siciliam
543 405 600 434 est
619 398 780 434 sortitus
838 398 896 434 De
917 397 1119 445 provinciis
1145 396 1343 432 consulum
1365 398 1457 434 nihil

131 467 156 495 ·:,
150 451 265 489 'ante
287 451 458 500 placebat
479 451 552 499 agi,
569 450 678 498 quam
700 450 813 497 legati
842 449 1002 497 Philippi
1034 448 1133 497 regis
1165 456 1203 485 et
1221 449 1458 497 Carthagini-

141 504 324 552 5ensium
345 503 461 540 auditi
480 510 629 539 essent:
668 502 755 538 belli
776 501 888 538 finem
923 501 1089 547 alterius,
1121 501 1350 549 principium
1370 502 1459 537 alte-

139 566 157 593 :3
178 556 267 599 rius,
287 555 567 613 prospiciebant
586 554 734 590 animis.
792 554 863 590 Cn.
886 553 1069 590 Lentulus
1099 553 1231 589 consul
1252 553 1459 601 cupiditate

132 598 359 656 flagrabat
376 607 580 656 provinciae
601 607 767 643 Atricae·
760 635 767 650 ‚
806 619 872 642 seu
895 606 1030 642 bellum
1053 605 1159 648 foret,
1182 605 1331 641 facilem
1348 605 1460 642 victo-

178 659 284 703 riam,
304 672 371 696 seu
387 659 465 708 jam
486 659 667 704 finiretur,
690 658 784 695 fmiti
816 659 909 694 tanti
945 658 1031 694 belli
1064 670 1103 694 se
1125 658 1280 694 consule
1300 657 1460 717 gloriam

134 724 164 749 10
176 718 320 760 petens.
377 711 530 760 Negare
552 711 674 759 itaque
696 711 802 759 prius
821 711 1024 759 quidquam
1037 710 1096 758 agi
1118 723 1328 758 passurum,
1348 710 1459 758 quam

177 763 247 800 sibi
269 764 401 801 Africa
420 764 572 800 decreta
591 770 702 807 esset,
724 763 958 800 concedente
991 763 1148 811 collega,
1171 763 1363 799 moderato
1382 762 1460 799 viro

177 822 214 852 et
232 816 434 864 prudenti3
464 816 534 874 (1ηυί
546 815 674 865 gloriae
703 815 784 864 ejus
813 823 1006 852 certamen
1037 827 1125 851 cum
1156 814 1346 863 Scipione,
1368 827 1461 863 prae-

177 875 347 916 terquam
366 867 492 917 quod
485 868 653 916 iniquum
674 875 784 910 esset,
806 868 919 904 etiam
941 867 1058 915 impar
1080 867 1243 903 futurum
1266 867 1458 903 cernebat.

176 918 229 958 Q.
251 920 446 957 Minucius
467 920 659 956 Thermus
688 928 725 956 et
754 920 908 956 Manius
938 920 1085 956 Acilius
1119 919 1286 966 Glabrio,
1317 919 1459 956 tribuni

132 984 165 1010 15
177 971 308 1020 plebis,
357 977 485 1015 “rem‚
517 972 637 1019 priore
667 984 766 1008 anno
803 972 1056 1019 nequidquam
1100 979 1282 1007 tentatam
1320 971 1367 1006 ab
1396 971 1459 1007 Ti.

179 1029 202 1045 ‘⁶
220 1023 381 1060 Claudio
399 1024 568 1067 consule,
591 1025 662 1060 Cn.
686 1024 905 1061 Cornelium
928 1023 1114 1066 tentare,''
1134 1024 1299 1059 aiebant.
1358 1029 1381 1045 ‘⁴
1401 1023 1460 1059 Ex

179 1076 440 1113 “auctoritate
461 1076 614 1112 Patrum
633 1076 750 1112 latum
781 1077 827 1112 ad
860 1076 1036 1124 populum
1068 1088 1163 1119 esse,
1194 1075 1302 1124 cujus
1322 1075 1462 1112 vellent

179 1133 202 1150 “
219 1127 418 1176 imperium
449 1129 486 1165 in
523 1128 651 1165 Africa
672 1141 767 1164 esse.
819 1128 965 1164 Omnes
980 1128 1145 1176 quinque
1165 1136 1202 1164 et
1222 1128 1376 1176 triginta
1396 1128 1460 1164 tri·

179 1180 290 1216 “bus
310 1180 349 1216 P.
372 1180 540 1229 Scipioni
570 1180 606 1216 id
637 1180 835 1229 imperium
869 1180 1080 1216 decressess’
1139 1179 1271 1217 Multis
1305 1186 1460 1216 conten-

134 1231 342 1269 ‘20ti0nibus
361 1240 398 1269 et
417 1233 455 1269 in
476 1240 609 1269 senatu
628 1240 666 1269 et
695 1233 741 1269 ad
774 1232 951 1281 populum
986 1243 1080 1278 acta,
1112 1245 1171 1269 res
1199 1231 1386 1281 postremo
1415 1231 1460 1268 eo

177 1284 342 1321 deducta
369 1292 439 1332 est,
469 1291 510 1321 ut
542 1285 689 1321 senatui
723 1286 993 1333 permitterent.
1051 1284 1181 1321 Patres
1214 1284 1327 1333 igitur
1345 1284 1459 1333 jurati

180 1335 249 1384 (ita
280 1337 382 1374 enim
412 1338 659 1388 convenerat)
694 1344 939 1383 censuerunt,
961 1336 1013 1373 uti
1042 1338 1217 1374 consules
1247 1337 1459 1385 provincias

177 1388 275 1425 inter
295 1402 334 1425 se
354 1397 628 1438 compararent,
649 1390 930 1432 sortirenturve,
952 1397 1036 1425 uter
1067 1389 1229 1436 Italiam,
1262 1396 1343 1425 uter
1364 1388 1460 1426 clas-

178 1453 256 1476 sem
277 1442 428 1478 navium
449 1442 720 1490 quinquaginta
741 1442 906 1478 haberet.
963 1441 1038 1478 Cui
1068 1442 1198 1478 classis
1231 1441 1458 1489 obvenisset,

130 1489 162 1515 25
177 1492 215 1529 in
242 1493 413 1530 Siciliam
433 1494 652 1542 navigaret:
696 1494 727 1530 si
748 1507 818 1542 pax
838 1507 924 1530 curn
957 1494 1337 1543 Carthaginiensibus
1358 1506 1460 1530 com-

177 1545 265 1593 poni
285 1545 489 1594 nequisset,
510 1546 548 1582 in
569 1546 739 1583 Africam
769 1546 969 1608 trajiceret.
1027 1546 1169 1582 Consul
1205 1546 1308 1590 mari,
1331 1545 1460 1594 Scipio

176 1597 324 1644 eodem,
343 1611 416 1646 quo
435 1599 573 1645 adhuc,
590 1598 672 1646 jure
694 1599 838 1647 imperii
860 1599 971 1644 terra,
992 1611 1070 1634 rem
1090 1606 1249 1648 gereret
1308 1598 1348 1634 Si
1369 1611 1460 1634 con-

176 1648 339 1686 ditiones
358 1629 605 1687 convenireht
623 1651 739 1699 pacis,
761 1651 899 1687 tribuni
920 1651 1039 1699 plebis
1060 1651 1237 1699 populum
1268 1658 1458 1699 rogarent,

175 1701 298 1738 utrum
333 1702 538 1747 consulem,
570 1715 616 1738 an
650 1703 689 1739 P.
712 1703 943 1750 Scipionem,
968 1703 1147 1751 juberent
1175 1716 1307 1751 pacem
1337 1703 1456 1748 da1·e;

132 1760 213 1789 aoet
242 1766 365 1802 quem,
400 1754 430 1790 si
463 1754 717 1802 deportandus
749 1755 937 1791 exercitus
968 1755 1083 1791 victor
1114 1768 1160 1791 ex
1181 1755 1316 1791 Africa
1344 1761 1458 1798 esset,

175 1805 382 1854 deportare.
440 1806 480 1842 Si
501 1819 633 1855 pacem
656 1820 720 1855 per
751 1807 791 1843 P.
813 1807 1031 1855 Scipionem
1064 1807 1156 1852 dari,
1188 1816 1300 1856 atque
1321 1807 1366 1843 ab
1399 1820 1460 1844 eo-

175 1857 260 1894 dem
280 1859 488 1894 exercitum
515 1859 700 1907 deportari
730 1859 943 1908 jussissent,
966 1872 1011 1896 ne
1032 1860 1162 1896 consul
1192 1872 1238 1895 ex
1259 1859 1391 1896 Sicilia
1419 1859 1458 1895 in

175 1909 345 1947 Africam
366 1911 567 1959 trajiceret.
624 1911 732 1948 Alter
751 1911 895 1954 consul,
915 1912 978 1948 cui
1008 1911 1118 1948 Italia
1143 1912 1343 1956 evenisset,
1363 1911 1458 1949 duas

174 1961 343 2011 legiones
361 1975 384 2000 a
403 1962 456 1999 M.
475 1963 603 2000 Sextio
621 1971 778 2012 praetore
798 1964 1000 2012 acciperet.

130 2074 164 2099 ³5
227 2065 335 2104 XLI.
376 2067 509 2104 Publio
529 2068 698 2117 Scipioni
728 2081 815 2104 cum
849 2069 1088 2114 exercitibus,
1119 2082 1211 2117 quos
1231 2069 1397 2113 haberet,
1418 2069 1458 2106 in

175 2119 369 2168 provincia
388 2120 519 2156 Africa
549 2128 785 2170 prorogatum
822 2122 1031 2169 imperium.
1089 2121 1243 2158 Praetori
1272 2122 1324 2158 M.
1348 2122 1459 2159 Vale-

175 2172 230 2209 rio
251 2171 399 2208 Faltoni
420 2172 503 2208 duae
522 2172 691 2221 legiones
711 2173 749 2210 in
770 2173 940 2220 Bruttiis,
960 2174 1095 2222 quibus
1116 2174 1160 2210 C.
1183 2174 1313 2210 Livius
1333 2174 1458 2223 priore

176 2237 276 2261 anno
295 2224 504 2273 praefuerat,
525 2225 688 2262 decretae
706 2238 715 2269 3
756 2225 797 2262 P.
818 2226 943 2262 AElius
961 2234 1095 2275 praetor
1116 2227 1209 2263 duas
1229 2227 1398 2276 legiones
1418 2227 1457 2263 in

179 2276 306 2316 Sicilia
327 2277 374 2313 ab
394 2276 465 2313 Cn.
487 2276 693 2314 Tremellio
713 2278 913 2327 acciperet.
970 2278 1089 2328 Legio
1110 2292 1185 2315 una
1204 2279 1258 2315 M.
1281 2279 1400 2316 Fabio
1419 2279 1457 2316 in

131 2342 164 2368 40
177 2329 404 2374 Sardiniam,
424 2342 534 2377 quam
556 2329 596 2366 P.
617 2330 801 2366 Lentulus
829 2344 893 2379 pro
923 2339 1079 2380 praetore
1100 2332 1304 2377 habuisset,
1326 2332 1456 2367 decer-

176 2381 288 2418 nitur.
346 2381 399 2418 M.
423 2382 582 2419 Servilio
601 2383 731 2430 prioris
765 2383 853 2419 anni
888 2384 1047 2431 consuli,
1081 2397 1167 2420 cum
1201 2385 1278 2420 suis
1311 2383 1458 2419 duabus

175 2434 265 2472 item
285 2434 510 2484 legionibuS,
530 2434 568 2471 in
590 2434 739 2523 {murm
755 2443 995 2485 prorogatum
1016 2437 1214 2485 imperium
1235 2444 1301 2473 est.
1338 2434 1456 2475 Quod

625 2488 641 2523 l
