1617 2765
126 182 206 221 202
681 181 771 213 T1T1
795 182 906 227 Livn

133 283 296 315 “nostra
328 277 452 326 placet
484 288 612 335 causa,
647 290 722 313 non
750 277 812 314 alii
842 290 1008 326 unquam
1038 277 1162 314 minas
1190 277 1409 327 negligendi

132 335 158 354 “
171 330 287 375 vobis
294 342 420 388 'quarn
440 342 519 375 1108,
555 329 592 365 in
626 329 790 366 hostium
823 337 1046 378 potestatem
1075 338 1286 366 vzenerunt
1333 343 1408 367 non

131 382 330 419 “enimin
350 382 431 418 acie
451 394 516 430 per
549 382 722 418 timorem
753 395 857 418 arma
889 382 1135 418 tradidimus.
1183 383 1262 425 sed,
1293 395 1409 431 quum

131 441 156 458 “
169 434 281 484 prope
302 435 349 471 ad
370 442 520 471 noctem
540 441 795 482 superstantes
814 434 977 471 cumulis
1008 447 1190 471 caesorum
1211 447 1408 483 corporum

131 493 155 510 ‘⁴
168 487 341 536 proelium
377 486 680 533 extraxissemus,
711 487 749 523 in
786 494 910 523 castra
938 487 1151 536 recepimus
1184 500 1265 524 nos.
1322 487 1410 524 Diei
1439 499 1456 524 5

130 546 154 564 “
168 539 351 588 reliquum
371 551 416 575 ac
436 546 586 575 noctem
608 539 882 587 insequentem,
917 539 1004 576 fessi
1037 539 1163 576 labore
1184 552 1228 576 ac
1249 539 1411 576 vulneri-

130 598 154 615 “
168 592 250 636 bus,
271 592 408 628 vallum
430 603 559 627 sumus
579 591 699 627 tutati.
759 592 911 628 Postero
931 592 1006 635 die,
1027 604 1142 640 quum
1169 592 1410 628 circumsessi

129 645 214 681 “ab
233 645 401 681 exercitu
422 643 562 679 victore
582 644 679 691 aqua
698 656 927 687 arceremur,
958 656 1030 680 nec
1050 644 1126 680 ulla
1141 644 1218 693 jam
1238 657 1303 693 per
1323 657 1412 681 con-

128 703 152 719 “
168 696 280 734 fer-tos
299 697 424 733 hostes
443 695 665 744 erumpendi
686 708 771 744 spes
796 703 908 738 esset,
936 708 1007 732 nec
1027 709 1110 732 esse
1131 696 1236 733 nefas
1255 697 1412 733 ducere-

128 755 262 794 “mus,
282 748 557 797 quinquaginta
576 747 741 784 millibus
765 747 960 784 hominum
990 761 1038 784 ex
1065 749 1147 785 acie
1177 749 1304 786 nostra
1337 756 1411 785 tru-
1426 760 1456 784 10

129 807 153 824 “
167 801 316 844 cidatis,
340 801 503 849 aliquem
523 812 570 836 ex
590 800 787 836 Cannensi
803 800 932 849 pugna
945 800 1164 837 Romanurn
1182 801 1339 837 militem
1356 814 1411 836 re-

127 859 284 899 “stare;
332 860 412 889 tum
445 853 598 888 demum
629 852 729 901 pacti
760 865 890 889 sumus
923 853 1096 901 pretium,
1125 865 1198 901 quo
1226 853 1410 902 redempti

126 911 151 928 “
165 905 466 941 dimitteremur:
497 917 612 950 arma,
634 905 672 941 in
691 905 828 953 quibus
858 905 950 941 nihil
967 905 1045 954 jam
1062 905 1195 942 auxilii
1214 912 1306 948 erat,
1329 906 1412 942 hos-

127 958 192 995 “ti
212 957 448 994 tradidimus.
506 956 672 1006 Majores
691 970 839 1005 quoque
869 970 1140 1015 acceperamus
1167 970 1207 994 se
1241 970 1263 994 a
1292 957 1411 994 Gallis

126 1016 150 1033 “
164 1023 255 1047 auro
274 1010 506 1047 redemisse:
536 1016 573 1045 et
593 1016 715 1058 patres
735 1017 889 1052 vestros,
910 1010 1135 1058 asperrimos
1156 1010 1236 1046 illos
1256 1010 1302 1046 ad
1323 1022 1410 1046 con·
1425 1021 1456 1046 15

126 1062 347 1099 “ditionem
368 1062 485 1111 pacis,
514 1061 656 1120 legatos
685 1069 812 1098 tamen
842 1062 1073 1110 captivorum
1103 1063 1410 1099 redimendorum

126 1115 288 1164 “gratia
307 1114 520 1150 Tarentum
542 1114 700 1150 misisse.
759 1114 887 1162 Atqui,
909 1121 947 1150 et
965 1115 1012 1150 ad
1035 1114 1173 1151 Alliam
1207 1127 1293 1151 cum
1324 1114 1411 1151 Gal-

125 1167 221 1210 “lis‚
243 1175 281 1203 et
300 1167 347 1202 ad
368 1166 595 1203 Heracleam
617 1178 704 1202 cum
725 1165 882 1214 Pyrrho,
916 1173 1072 1214 utraque
1102 1179 1178 1203 non
1206 1176 1283 1202 tam
1302 1166 1411 1203 clade

125 1219 329 1264 “infam1s,
363 1231 476 1267 quam
514 1230 652 1266 pavore
683 1230 728 1254 ac
758 1218 857 1267 fuga,
886 1231 1016 1267 pugna
1036 1218 1116 1254 fuit.
1186 1218 1411 1255 Cannenses

125 1277 149 1294 “
166 1284 320 1320 campos
348 1270 473 1307 acervi
494 1270 757 1307 Romanorum
777 1283 975 1319 corporum
995 1277 1129 1320 tegunt
1146 1283 1154 1306 z
1193 1283 1266 1307 neo
1286 1282 1456 1320 super-20

126 1330 149 1346 “
163 1337 294 1360 sumus
314 1335 464 1372 pugnae,
485 1322 558 1359 nisi
587 1323 625 1359 in
654 1323 790 1371 quibus
808 1322 1045 1359 trucidandis
1074 1329 1112 1359 et
1145 1322 1283 1359 serrum
1304 1330 1341 1359 et
1360 1323 1413 1360 vi-

125 1382 222 1413 “res
251 1376 395 1412 hostem
429 1375 663 1412 defecerunt.
731 1375 830 1411 Sunt
858 1375 972 1411 etiam
999 1375 1046 1411 de
1076 1375 1213 1412 nostris
1245 1375 1410 1423 quidam,

124 1428 225 1476 “qui
246 1441 294 1464 ne
315 1428 354 1464 in
384 1428 466 1464 acie
495 1427 648 1476 quidem
677 1427 921 1476 refugerunt:
961 1428 1042 1474 sed,
1074 1427 1249 1476 praesidio
1279 1428 1412 1464 castris

126 1480 301 1524 “relicti,
338 1493 456 1529 quum
492 1487 616 1516 castra
645 1480 895 1522 traderentur,
926 1479 965 1516 in
994 1487 1216 1528 potestatem
1246 1480 1409 1516 hostiurn

124 1536 149 1555 ‘⁴
164 1539 359 1569 venerunt.
435 1532 549 1568 Haud
587 1532 764 1580 equidem
801 1531 914 1568 ullius
957 1531 1048 1568 civis
1076 1538 1113 1568 et
1142 1531 1456 1568 commilitoni525

124 1584 320 1621 “fortunae
341 1591 404 1621 aut
433 1584 641 1620 conditioni
661 1584 834 1628 invideo;
877 1596 950 1620 nec
979 1584 1186 1633 premendo
1215 1583 1329 1620 aliurn
1350 1596 1410 1620 me

124 1636 340 1673 “extulisse
369 1636 506 1673 velim:
549 1649 597 1672 ne
617 1636 669 1672 illi
689 1636 843 1684 quidem
878 1635 969 1685 (nisi
1003 1635 1238 1684 pernicitatis
1269 1636 1410 1684 pedum

124 1692 148 1712 “
162 1696 200 1725 et
219 1690 350 1725 cursus
380 1689 530 1737 aliquod
550 1688 747 1736 praemium
767 1688 856 1739 est),
886 1688 949 1736 qui
982 1688 1149 1736 plerique
1180 1688 1344 1724 inermes
1363 1701 1411 1725 ex

124 1741 245 1777 “acie
267 1741 469 1790 fugientes,
490 1753 566 1777 non
583 1741 697 1789 priua
719 1739 833 1788 quam
854 1740 1033 1777 Venusiae
1051 1749 1115 1777 aut
1129 1740 1301 1787 Canusii,
1322 1753 1411 1778 con-

123 1793 350 1837 “miter-unt,
371 1806 411 1830 se
431 1793 539 1829 nobis
560 1792 692 1829 meritc>
726 1793 970 1841 praetulerint,
1003 1793 1226 1842 gloriatique
1256 1793 1342 1838 sint,
1371 1793 1408 1829 in
1422 1802 1454 1827 3ο

123 1848 148 1868 ‘⁸‘
162 1858 202 1882 se
232 1846 328 1894 plus,
357 1846 468 1894 quarn
500 1846 537 1881 in
567 1846 690 1892 nobis,
719 1845 884 1894 praesidii
918 1845 1136 1894 reipublicae
1162 1857 1256 1881 esse.
1332 1845 1408 1881 Sed

123 1897 235 1934 “illis
255 1904 292 1933 et
312 1897 420 1933 bonis
441 1910 486 1933 ac
506 1897 662 1934 fortibus
682 1897 863 1933 militibus
883 1896 1041 1933 utemini
1059 1909 1066 1941 3
1110 1904 1148 1932 et
1166 1897 1275 1933 nobis
1294 1897 1407 1933 etiam

123 1949 452 1998 “promptioribus
470 1962 536 1997 pro
567 1949 701 1997 patria,
735 1948 833 1996 quod
867 1949 1054 1984 beneficio
1083 1955 1204 1985 vestro
1224 1949 1408 1998 redempti

124 2004 273 2050 “atque
300 2001 340 2037 in
369 2001 527 2050 patriam
554 2000 714 2037 restituti
745 2001 937 2037 fuerimus.
993 1999 1197 2037 Delectum
1228 2013 1275 2037 ex
1303 2002 1408 2038 omni

123 2056 148 2076 “
162 2061 270 2090 aetate
289 2060 327 2090 et
346 2053 497 2090 fortuna
517 2052 662 2089 habetis
680 2065 688 2089 ε
734 2060 820 2089 octo
852 2052 970 2088 millia
998 2065 1187 2089 servorum
1222 2053 1335 2090 audio
1354 2064 1454 2090 ar-35

124 2108 148 2129 “
161 2106 277 2142 mari:
308 2118 385 2142 non
405 2106 526 2142 minor
546 2117 726 2141 numerus
758 2112 884 2141 noster
918 2112 986 2148 est,
1019 2118 1091 2141 nec
1124 2105 1263 2154 majore
1290 2106 1409 2155 pretio

124 2158 295 2194 “redimi
317 2171 527 2206 possumus,
547 2156 657 2206 quam
674 2157 712 2193 hi
731 2168 930 2194 emuntur:
970 2170 1056 2193 narn
1077 2157 1108 2193 si
1128 2158 1320 2195 conferam
1341 2171 1409 2195 nos

124 2213 149 2234 “
166 2222 253 2246 curn
275 2210 360 2254 illis,
382 2210 555 2259 injuriam
577 2209 719 2246 nomini
754 2209 930 2246 Romano
960 2209 1108 2246 faciam.
1166 2210 1265 2247 Illud
1294 2211 1408 2248 etiam

125 2265 150 2286 ‘⁶
163 2262 201 2299 in
231 2262 294 2298 tali
324 2263 482 2299 consilio
511 2262 886 2298 animadvertendum
916 2262 1021 2298 vobis
1054 2275 1246 2306 censeam,
1277 2263 1408 2300 Patres

124 2315 151 2338 ‘⁶
164 2314 382 2362 conscripti,
405 2314 453 2363 (si
473 2322 599 2351 tamen
620 2315 788 2351 duriores
803 2327 884 2350 esse
901 2314 1033 2356 volitis,
1048 2315 1146 2362 quod
1163 2315 1265 2352 nullo
1281 2323 1406 2352 nostro
1420 2325 1452 2349 40

126 2367 296 2403 “merito
317 2366 479 2424 faciatis)
502 2366 564 2403 cui
585 2379 652 2403 nos
668 2366 764 2403 hosti
794 2366 960 2403 relicturi
981 2366 1072 2403 sitis.
1130 2367 1273 2415 Pyrrho
1306 2368 1407 2404 vide-

125 2419 264 2465 “licet‚
284 2418 345 2467 qui
370 2417 473 2469 [nos]
497 2419 684 2467 hospitum
706 2431 863 2456 numero
883 2419 1015 2455 habuit
1041 2419 1220 2478 captivos,
1256 2433 1303 2456 an
1325 2420 1406 2456 bar·

125 2471 253 2508 “baro
273 2483 317 2508 ac
340 2470 468 2515 Poeno,
490 2471 552 2520 qui
574 2470 698 2509 utrum
719 2471 861 2508 avarior
895 2484 942 2508 an
969 2471 1155 2508 crudelior
1173 2472 1233 2516 sit,
1263 2472 1324 2509 vix
1343 2484 1406 2508 ex-
