1617 2765
561 160 697 190 LIBER
722 159 761 189 V.
789 168 869 190 CAP.
888 168 998 188 xxvxr.
1355 160 1430 196 113

104 254 338 295 Tconsulari
359 260 552 302 potestate,
573 253 616 289 L.
638 252 775 289 Furius
796 251 1030 289 Medullinus
1050 250 1209 296 sextam,
1243 251 1287 287 C.
1310 251 1430 288 AEini-

105 299 129 345 3
150 307 234 353 lius,
273 306 315 343 L.
347 305 521 342 Valerius
554 305 763 351 Publicola,
802 306 866 352 Sp.
898 303 1124 345 Postumius,
1164 302 1205 338 Ρ.
1230 302 1430 340 Cornelius

112 352 129 407 ἓ
150 358 296 395 iterum.
353 357 544 405 Principio
564 358 653 394 anni
673 357 813 394 tribuni
834 356 952 404 plebis
972 355 1064 391 nihil
1082 361 1292 400 moverunt,
1309 355 1430 392 donec

122 445 129 451 ,
150 409 204 446 Μ.
226 409 363 446 Furius
393 409 577 445 Camillus
607 409 644 445 in
676 409 858 452 Faliscos,
890 408 951 444 cui
983 408 1020 443 id
1048 407 1187 443 bellum
1209 407 1427 443 mandatum

105 459 128 501 ἓ
150 469 240 508 erat,
273 461 585 509 proficisceretur.
642 461 863 497 Differendo
891 460 1030 496 deinde
1059 458 1227 507 elanguit
1264 471 1347 502 res:
1394 467 1431 495 et

112 513 321 560 ι-ΞΟεὶῐῐιίΙΙο,
355 526 466 562 quem
505 513 759 550 adversarium
794 512 957 549 maxime
987 512 1218 556 metuebant,
1247 510 1366 558 gloria
1393 511 1430 547 in

104 565 137 596 Ξ
150 565 310 602 Faliscis
328 565 454 602 crevit.
513 565 628 609 Nam,
648 579 762 614 quum
785 564 904 613 primo
924 563 1112 600 moenibus
1132 576 1171 599 se
1185 563 1310 599 hostes
1330 570 1431 599 tene-

148 625 245 663 rent,
265 618 493 654 tutissimum
514 618 551 653 id
572 618 655 664 rati,
675 617 915 666 populatione
936 628 1109 665 agrorum
1130 622 1240 663 atque
1261 615 1432 651 incendi-

148 669 180 705 is
201 670 369 706 villarum
390 670 517 719 coegit
536 682 600 706 eos
633 670 762 719 egredi
782 670 874 706 urbe
892 682 902 713 3
945 669 1011 705 sed
1042 668 1152 704 timor
1182 667 1331 716 longids
1350 681 1431 716 pro-

106 729 135 753 10
148 722 254 770 gredi
284 722 486 771 prohibuit.
545 722 650 758 Mille
682 722 757 758 fere
783 734 961 770 passuum
991 720 1037 757 ab
1065 720 1203 769 oppido
1231 726 1355 756 castra
1382 720 1433 756 lo-

149 781 261 818 cant3
290 774 395 810 nulla
415 787 454 810 re
471 775 541 810 alifi
562 774 721 811 fidentes
749 787 795 810 ea
814 774 904 810 satis
923 780 1002 809 tuta
1021 785 1117 816 esse,
1138 771 1251 821 quam
1273 771 1433 808 difficul-

148 832 224 862 tate
254 826 388 871 aditfis,
419 826 560 875 asperis
589 826 895 875 confragosisque
924 826 1044 868 circa,
1074 832 1112 861 et
1139 824 1274 873 partim
1304 825 1429 867 arctis,

148 877 282 926 partim
312 878 439 914 arduis
467 879 547 914 viis.
618 878 807 915 Caeterfim
828 878 1024 922 Camillus,
1046 878 1234 925 captivum
1265 876 1432 913 indicem

148 941 195 965 ex
229 930 328 977 agris
360 938 514 967 secutus
540 931 692 975 ducem,
713 931 845 966 castris
874 930 989 966 multa
1020 937 1130 966 nocte
1162 929 1282 972 motis,
1312 929 1431 977 prima

106 981 233 1016 15luce
271 981 462 1029 aliquanto
492 982 746 1030 superioribus
784 982 876 1018 locis
905 995 945 1018 se
973 982 1150 1018 ostendit.
1224 981 1429 1017 Tris-ariam

148 1032 316 1069 Romani
338 1034 582 1070 muniebant:
613 1034 707 1070 alius
727 1034 918 1070 exercitus
948 1034 1080 1082 proelio
1111 1035 1279 1069 intentus
1299 1033 1431 1069 stabat.

147 1084 206 1120 lbi
227 1085 408 1133 impedire
428 1099 522 1134 opus
541 1093 696 1122 conatos
727 1087 852 1122 hostes
875 1086 998 1122 fundit
1030 1085 1230 1134 fugatque3
1270 1092 1433 1122 tantum-

147 1149 218 1184 que
239 1137 327 1173 inde
348 1138 493 1185 pavoris
524 1138 683 1175 Faliscis
718 1138 900 1187 injectum
921 1145 990 1181 est,
1020 1145 1073 1184 ut,
1106 1138 1223 1174 effusa
1244 1137 1333 1186 fuga
1353 1150 1434 1174 cas-

148 1196 205 1224 tra
224 1202 304 1234 sua,
324 1202 406 1237 quae
427 1190 598 1239 propiora
617 1198 734 1236 erant,
756 1191 911 1239 praelati,
944 1191 1075 1227 urbem
1095 1197 1278 1238 peterent.
1337 1190 1433 1226 Mul-

103 1247 136 1271 20
150 1240 175 1277 ti
196 1241 283 1277 caesi
305 1242 574 1291 vulneratique,
606 1243 821 1291 priusquam
850 1250 1028 1292 paventes
1060 1242 1176 1290 portis
1197 1242 1431 1278 inciderent:

149 1300 271 1329 castra
290 1300 400 1342 capta
417 1307 424 1337 ;
466 1295 592 1343 praeda
611 1296 657 1331 ad
678 1303 880 1343 quaestores
900 1295 1052 1331 redacta
1072 1307 1158 1330 cum
1181 1294 1320 1342 magna
1338 1294 1432 1330 mili-

147 1355 226 1381 tum
249 1345 324 1382 ira:
364 1346 443 1391 sed,
465 1347 661 1383 severitate
695 1348 841 1395 imperii
862 1347 963 1393 victi,
998 1347 1170 1383 eamdem
1201 1346 1377 1382 virtutem
1396 1355 1433 1384 et

147 1397 318 1445 oderant,
353 1405 390 1434 et
423 1398 668 1435 mirabantur.
724 1399 885 1436 Obsidio
919 1400 1006 1435 inde
1037 1399 1152 1445 urbis,
1182 1406 1219 1435 et
1256 1399 1433 1435 munitio-

148 1461 228 1491 nes,
249 1455 287 1485 et
320 1449 509 1486 interdum
539 1464 603 1499 per
631 1452 873 1488 occasionem
905 1451 1066 1499 impetus
1091 1451 1363 1500 oppidanorum
1395 1451 1431 1487 in

103 1500 344 1538 25R0manas
363 1502 555 1546 stationes,
586 1504 790 1552 proeliaque
821 1516 934 1552 parva
963 1504 1069 1540 fieri:
1113 1511 1150 1539 et
1169 1503 1238 1539 teri
1269 1510 1430 1551 tempus,

147 1549 284 1590 neutro
301 1553 483 1590 inclinata
502 1567 592 1603 spe3
631 1568 745 1603 quum
781 1555 1012 1592 frumentum
1043 1555 1236 1603 copiaeque
1271 1556 1355 1591 aliae
1385 1568 1431 1592 ex

148 1603 233 1641 ante
254 1613 436 1642 convecto
465 1606 611 1655 largifls
640 1607 816 1653 obsessis,
847 1607 960 1656 quam
993 1608 1269 1651 obsidentibus,
1300 1621 1434 1656 suppe-

148 1663 282 1693 terent.
357 1658 640 1707 Videbaturque
670 1660 774 1708 aeque
804 1660 1005 1697 diuturnus
1045 1660 1192 1696 futurus
1230 1660 1348 1703 labor,
1389 1673 1434 1696 ac

150 1708 254 1757 Vejis
284 1709 434 1754 suisset3
476 1711 512 1746 ni
535 1711 684 1747 fortuna
712 1713 928 1760 imperatori
949 1713 1128 1748 Romano
1157 1712 1268 1748 simul
1289 1720 1327 1748 et
1347 1725 1435 1761 cog-

103 1767 135 1792 30
147 1760 236 1849 gitta?
258 1762 370 1798 rebus
392 1762 535 1799 bellicis
564 1763 709 1800 virtutis
730 1764 924 1812 specimen
957 1771 994 1800 et
1020 1771 1206 1800 maturam
1236 1764 1431 1801 victoriam

174 1825 194 1848 e
225 1820 324 1850 isset.

198 1918 372 1956 XXVII.
421 1919 506 1957 Mos
526 1928 606 1958 erat
625 1921 798 1966 Faliscis,
820 1923 953 1959 eodem
975 1922 1153 1971 magistro
1173 1922 1376 1959 liberorum
1399 1930 1436 1959 et

146 1971 283 2008 comite
304 1972 384 2016 uti3
428 1973 612 2021 simulque
641 1974 767 2023 plures
786 1975 891 2023 pueri
925 1974 1041 2023 (quod
1076 1975 1187 2011 hodie
1217 1988 1364 2023 quoque
1395 1975 1433 2011 in

145 2023 296 2060 Graecia
332 2025 479 2074 manet)
516 2025 629 2062 unius
667 2039 768 2063 curae
803 2027 1144 2063 demandabantur.
1212 2027 1434 2076 Principum

98 2083 131 2108 33
145 2074 293 2120 liberos,
333 2076 450 2126 (sicut
487 2077 563 2113 fere
592 2077 650 2128 fit)
698 2079 760 2127 qui
791 2079 949 2115 scientia
978 2079 1174 2115 videbatur
1202 2080 1432 2128 praecellere,

145 2127 352 2165 erudiebat.
409 2129 448 2165 Is
466 2142 580 2177 quum
602 2130 640 2166 in
661 2143 755 2179 pace
777 2131 999 2168 instituisset
1031 2145 1166 2179 pueros
1193 2139 1280 2168 ante
1300 2132 1432 2168 urbem

144 2177 249 2215 lusfis
265 2181 543 2229 exercendique
563 2183 677 2219 causa
697 2184 905 2231 producere
923 2198 930 2227 ;
961 2184 1054 2219 nihil
1075 2197 1120 2220 eo
1136 2197 1239 2220 more
1260 2197 1325 2233 per
1346 2184 1432 2220 belli

146 2238 294 2279 tempus
313 2232 538 2279 intermisso,
559 2241 652 2282 tum,
674 2236 785 2272 modo
807 2236 1050 2278 brevioribus,
1070 2236 1181 2272 modo
1201 2236 1434 2285 longioribus

145 2283 287 2330 spatiis,
308 2285 491 2322 trahendo
510 2299 574 2322 eos
607 2300 627 2323 a
658 2288 778 2336 porta,
813 2288 897 2324 lusu
926 2289 1237 2336 sermonibusque
1270 2289 1432 2332 variatis,

101 2334 292 2383 wlongius
311 2336 431 2379 solito,
453 2338 516 2373 ubi
538 2351 597 2374 res
616 2339 734 2386 dedit,
766 2353 998 2389 progressus,
1031 2341 1128 2377 inter
1158 2341 1338 2377 stationes
1370 2353 1434 2376 eos

145 2386 308 2424 hostium
329 2395 525 2436 castraque
547 2390 634 2427 inde
664 2392 844 2429 Romana
865 2393 901 2429 in
923 2393 1137 2441 praetorium
1159 2394 1205 2429 ad
1227 2393 1433 2429 Camillum

143 2439 330 2487 perduxit.
388 2440 445 2477 Ibi
466 2441 625 2478 scelesto
655 2444 811 2481 facinori
846 2445 1101 2482 scelestiorem
1136 2458 1348 2482 sermonem
1370 2444 1434 2480 ad-
