1617 2765
643 176 778 207 LIBER
802 176 861 207 IX.
890 186 969 209 ch’.
987 187 1029 208 11.
1396 184 1470 222 147

197 271 338 309 “Deos
356 271 653 321 mitigandosque
673 271 845 307 homines
877 271 1008 320 potuit,
1037 270 1150 320 quam
1178 274 1275 320 quod
1297 288 1363 311 nos
1384 275 1471 314 feci-

198 327 222 346 “
237 326 346 360 mus?
402 324 483 360 Res
504 324 663 360 hostium
686 323 722 359 in
754 323 877 371 praeda
909 330 1050 371 captas,
1071 336 1152 371 quae
1173 324 1259 361 belli
1284 326 1367 374 jure
1388 341 1472 365 nos-

197 378 300 412 “troe
322 375 554 420 videbantur,
575 375 809 411 remisimus:
839 383 1012 412 auctores
1033 375 1132 422 belli,
1164 377 1251 424 quia
1276 378 1376 415 vivos
1394 393 1470 417 non

196 427 434 476 “potuimus,
463 427 678 476 perfunctos
703 427 778 475 jam
810 427 884 463 fato
912 427 1151 463 dedidimus:
1199 428 1296 466 bona
1327 443 1470 478 eorum,

166 487 182 511 5
196 482 219 501 ‘·
233 491 281 514 ne
326 479 414 528 quid
460 492 507 515 ex
547 479 772 527 contagione
818 492 925 516 noxae
973 487 1184 516 remaneret
1228 494 1344 529 penes
1390 495 1469 526 nos,

195 534 220 554 “
234 531 398 567 Romam
434 531 672 580 portavimus.
745 530 851 569 Quid
892 530 988 568 ultra
1030 532 1110 577 tibi,
1151 533 1339 576 Romane,
1382 535 1470 582 quid

195 586 219 605 “
233 582 376 630 foederi,
397 583 485 632 quid
508 583 590 619 Diis
610 582 757 619 arbitris
777 583 928 619 foederis
948 584 1098 620 debeo?
1154 584 1284 623 Quem
1305 586 1372 622 tibi
1393 594 1471 623 tua-

194 638 218 657 “
232 647 314 671 rum
335 635 485 681 irarum,
505 648 616 684 quem
647 647 813 671 meorum
841 635 1109 684 suppliciorum
1137 636 1305 686 jndicem
1340 638 1469 681 seram,

193 689 216 708 ‘⁴
231 687 438 734 neminem,
457 700 578 735 neque
599 687 789 736 populum,
824 701 945 735 neque
965 688 1162 736 privatum,
1185 689 1297 738 fugio.
1353 690 1470 730 Quod

152 744 178 769 10
193 739 260 775 “si
290 739 383 776 nihil
412 753 500 776 cum
529 740 735 788 potentiore
753 740 846 788 juris
869 740 1023 776 humani
1048 741 1269 789 relinquitur
1289 742 1404 791 inopi,
1434 751 1470 780 at

192 793 301 840 “ego
323 792 369 827 ad
392 792 494 828 Deos
513 792 682 828 vindices
701 791 944 828 intolerandae
960 793 1144 841 superbiae
1164 794 1378 843 confugiam
1397 808 1405 839 3
1435 802 1472 832 et

193 846 217 865 “
230 843 423 891 precabor,
444 851 485 880 ut
505 844 577 880 iras
596 856 681 879 suas
701 852 846 880 vertant
866 844 903 880 in
933 857 1010 891 eos,
1045 845 1180 893 quibus
1199 858 1273 882 non
1295 860 1371 883 suae
1392 848 1472 884 red-

192 895 316 931 “ditae
336 908 405 941 res,
427 909 502 932 non
523 896 655 932 alienae
688 896 936 932 accumulatas
966 897 1054 932 satis
1078 897 1176 942 sint;
1220 911 1378 946 quorum
1407 913 1473 936 sae·

191 947 357 983 “vitiam
389 960 464 984 non
498 960 596 983 mors
633 947 839 992 noxiorum,
879 960 954 983 non
991 949 1132 985 deditio
1171 951 1471 988 exanimatorum

147 1003 175 1027 15
191 1001 438 1047 “corporum,
459 1011 534 1035 non
555 999 654 1035 bona
683 1000 877 1047 sequentia
909 1000 1051 1035 domini
1081 1001 1312 1038 deditionem
1331 1004 1471 1039 exsati-

190 1053 214 1072 “
226 1057 305 1087 ent.
362 1050 508 1088 Placari
528 1058 732 1099 nequeunt,
767 1051 840 1087 nisi
861 1051 1109 1087 hauriendum
1130 1054 1354 1101 sanguinem
1378 1055 1471 1091 lani-

190 1106 215 1125 “
231 1102 405 1151 andaque
427 1103 572 1140 viscera
590 1110 716 1139 nostra
734 1103 1014 1151 praebuerimus.
1071 1104 1222 1141 Justum
1241 1113 1298 1142 est
1319 1107 1471 1151 bellum,

190 1158 214 1179 “
230 1155 433 1199 Samnites,
449 1156 585 1204 quibus
605 1155 860 1191 necessarium
878 1168 888 1199 ς
932 1163 969 1192 et
988 1157 1048 1204 pia
1067 1169 1183 1203 arma,
1213 1158 1348 1206 quibus
1368 1160 1472 1196 nulla

191 1209 215 1230 “
229 1207 301 1244 nisi
321 1207 358 1244 in
377 1208 489 1244 armis
508 1207 727 1256 relinquitur
743 1220 838 1256 spes.
896 1207 1069 1254 Proinde,
1100 1222 1215 1257 quum
1248 1223 1373 1246 rerum
1404 1212 1472 1248 hu-

145 1262 216 1288 20⁶⁶
232 1272 428 1296 manarum
459 1260 668 1301 maximum
698 1267 928 1296 momentum
962 1260 1021 1304 sit,
1050 1273 1161 1308 quam
1192 1262 1358 1310 propitiis
1378 1276 1470 1310 rem,

191 1314 340 1360 “quam
362 1312 526 1348 adversis
556 1319 670 1361 agant
688 1311 784 1355 Diis,
813 1325 880 1361 pro
908 1319 1011 1348 certo
1040 1313 1187 1358 habete,
1218 1314 1340 1362 priora
1373 1315 1471 1351 bella

192 1364 409 1401 “adversus
428 1364 530 1401 Deos
549 1364 682 1413 magis,
703 1363 816 1411 quam
836 1364 1020 1410 homines,
1040 1365 1226 1414 gessisse3
1269 1366 1353 1410 hoc,
1370 1367 1469 1416 quod

192 1418 218 1439 “
231 1416 355 1463 instat,
376 1416 538 1453 ducibus
558 1416 646 1465 ipsis
666 1415 749 1452 Diis
768 1417 978 1466 gesturos.''

244 1523 297 1560 II.
328 1524 437 1568 Haec,
457 1537 536 1561 non
556 1524 639 1561 laeta
658 1525 778 1573 magis
797 1525 908 1573 quam
929 1537 1027 1572 vera,
1048 1526 1283 1572 vaticinatus,
1304 1527 1472 1565 exercitu

146 1581 183 1606 25⁷
192 1576 341 1622 educto,
375 1577 478 1613 circa
506 1577 695 1613 Caudium
725 1584 860 1620 castra,
898 1576 1011 1625 quam
1048 1585 1170 1626 potest
1201 1579 1469 1623 occultissime,

192 1628 314 1664 locat:
344 1628 432 1664 inde
453 1629 499 1664 ad
519 1628 717 1671 Calatiam,
739 1629 802 1665 ubi
818 1629 895 1677 jam
916 1630 1091 1666 consules
1119 1630 1314 1667 Romanos
1334 1639 1473 1668 castra-

192 1692 264 1727 que
284 1692 366 1715 esse
396 1680 586 1723 audiebat,
620 1681 758 1716 milites
791 1681 924 1716 decem
955 1689 1143 1729 pastorum
1180 1683 1309 1718 habitu
1333 1684 1470 1728 mittit;

193 1743 405 1780 pecoraque
425 1732 603 1774 diversos,
625 1732 738 1767 alium
758 1732 857 1776 alibi,
888 1733 987 1768 haud
1017 1734 1145 1780 procul
1177 1734 1363 1771 Romanis
1392 1748 1472 1783 pas-

193 1795 280 1820 cere
295 1783 403 1831 jubet
420 1783 624 1831 proesidiis:
665 1784 728 1820 ubi
763 1784 966 1820 inciderint
986 1785 1023 1820 in
1044 1786 1280 1832 praedatores,
1301 1794 1342 1822 ut
1372 1786 1470 1823 idem

148 1839 180 1865 ³⁰
192 1835 367 1872 omnibus
383 1847 505 1871 sermo
524 1842 682 1882 constet,
705 1842 727 1858 “
742 1836 909 1884 legiones
923 1837 1149 1873 Samnitium
1164 1838 1202 1874 in
1218 1838 1358 1885 Apulia
1374 1852 1469 1882 esse,

195 1893 218 1909 ‘⁴
234 1886 436 1923 Luceriam
455 1887 630 1923 omnibus
642 1887 760 1935 copiis
772 1888 1050 1924 circumsedere
1068 1902 1076 1924 ε
1097 1902 1170 1925 nec
1183 1890 1309 1937 procul
1324 1891 1469 1933 abesse,

195 1945 218 1962 “
235 1939 325 1987 quin
346 1938 378 1975 vi
399 1938 590 1988 capiant.’'
646 1939 733 1975 Jam
766 1939 797 1975 is
826 1939 939 1975 etiam
959 1952 1083 1976 rumor
1104 1942 1201 1987 ante,
1222 1942 1268 1977 de
1289 1942 1471 1980 industrii

193 1991 378 2040 vulgatus,
398 1998 551 2027 venerat
570 1991 616 2027 ad
650 1991 868 2036 Romanos3
916 1992 982 2027 sed
1012 1992 1124 2029 fidem
1159 1995 1295 2030 auxere
1320 1995 1470 2042 captivi,

193 2042 238 2080 εό
271 2042 445 2088 maxime,
478 2043 576 2090 quod
606 2056 728 2080 sermo
761 2043 857 2079 inter
893 2056 1026 2080 omnes
1057 2046 1300 2094 congruebat.
1358 2047 1472 2083 Haud

151 2099 274 2131 35erat
293 2095 463 2140 dubium,
482 2094 571 2143 quin
592 2094 792 2132 Lucerinis
810 2108 919 2144 opem
940 2096 1140 2133 Romanus
1160 2097 1284 2144 ferret,
1304 2099 1412 2135 bonis
1428 2111 1472 2136 ac

195 2145 369 2183 fidelibus
388 2147 524 2191 sociis;
568 2147 677 2183 simul
698 2160 745 2183 ne
766 2146 906 2196 Apulia
937 2148 1059 2184 omnis
1092 2150 1137 2185 ad
1158 2158 1381 2197 praesentem
1401 2158 1474 2187 ter-

196 2210 317 2234 rorem
336 2198 538 2235 deficeret:
567 2211 612 2235 ea
631 2199 755 2246 modo,
775 2201 844 2248 qua
866 2200 974 2243 irent,
996 2201 1220 2238 consultatio
1240 2202 1321 2239 suit.
1377 2202 1472 2239 Duae

197 2249 245 2286 ad
265 2248 465 2286 Luceriam
486 2250 655 2287 ferebant
673 2252 764 2296 viae3
794 2252 910 2288 altera
928 2260 1062 2301 praeter
1081 2266 1184 2290 oram
1206 2254 1340 2303 Superi
1361 2255 1473 2291 maris

197 2308 330 2350 patens
349 2309 562 2350 apertaque,
582 2303 660 2349 sed,
681 2303 819 2352 quanto
839 2305 963 2350 tutior,
994 2305 1099 2342 tanto
1120 2306 1195 2342 fere
1215 2306 1380 2355 longior;
1424 2306 1474 2342 al-

153 2358 278 2390 4⁰tera
296 2366 361 2402 per
391 2353 576 2390 Furculas
604 2355 798 2392 Caudinas
830 2357 987 2393 brevior.
1045 2358 1121 2394 Sed
1151 2358 1202 2395 ita
1230 2367 1340 2395 natus
1368 2359 1474 2394 locus

198 2412 276 2442 est:
306 2405 421 2442 saltus
441 2406 515 2442 duo
535 2406 597 2443 alti
617 2409 765 2456 angusti
799 2409 996 2457 silvosique
1029 2417 1130 2457 sunt,
1164 2411 1353 2447 montibus
1372 2409 1474 2446 circa

198 2458 388 2507 perpetuis
408 2457 504 2495 inter
520 2471 558 2495 se
574 2458 719 2508 juncti:
745 2460 845 2509 jacet
865 2461 961 2498 inter
980 2474 1043 2498 eos
1059 2463 1148 2499 satis
1160 2470 1303 2511 patens,
1325 2462 1474 2499 clausus
