1617 2765
581 138 721 170 LIBER
744 137 804 168 IX.
850 146 929 168 CAP.
948 145 994 167 iv.
1360 137 1433 174 149

149 246 209 270 ras
251 234 525 270 consulendum
564 239 734 269 censent.
817 231 903 267 Jam
944 229 987 276 is,
1026 230 1148 278 gravis
1191 231 1313 273 annis,
1357 244 1432 268 non

151 286 373 322 militaribus
393 285 527 328 solum,
548 285 613 320 sed
635 284 809 320 civilibus
829 295 988 331 quoque,
1017 283 1250 318 abscesserat
1271 284 1434 320 muneri-

152 337 242 373 bus:
299 338 336 374 in
382 350 535 385 corpore
575 343 700 373 tamen
745 336 881 372 affecto
922 334 1072 383 vigebat
1111 334 1165 370 vis
1201 335 1316 370 animi
1346 348 1435 372 con-

151 389 309 437 siliique.
367 390 415 434 Is,
437 390 500 425 ubi
522 389 682 436 accepit,
702 388 748 424 ad
783 387 968 424 Furculas
998 386 1193 422 Caudinas
1224 387 1320 422 inter
1342 388 1434 424 duos

122 441 267 479 ssaltus
287 442 434 478 clausos
453 454 536 477 esse
556 441 745 476 exercitus
765 440 972 483 Romanos
1008 439 1201 474 consultus
1236 439 1282 474 ab
1303 440 1435 476 nuntio

151 493 230 539 filii,
251 494 412 535 censuit,
433 506 565 530 omnes
585 493 673 529 inde
693 492 805 540 quam
829 490 989 540 primum
1020 490 1216 527 inviolatos
1246 491 1436 527 dimitten-

151 545 241 589 dos;
270 558 353 593 quae
374 546 437 582 ubi
454 554 577 594 spreta
597 545 784 581 sententia
813 551 882 587 est,
915 544 1136 591 iterumque,
1158 543 1291 579 eodem
1319 556 1437 579 reme-

151 605 237 633 ante
262 598 408 644 nuntio,
427 598 709 643 consulebatur,
740 597 902 642 censuit,
932 597 976 632 ad
1008 609 1125 632 unum
1146 608 1277 631 omnes
1298 595 1437 631 interfi-

150 648 318 687 ciendos.
373 650 476 689 Quae
498 650 560 686 ubi
581 656 656 685 tam
676 628 866 686 discordia
885 649 981 685 inter
1002 661 1054 694 se,
1085 648 1186 684 velut
1215 660 1261 683 ex
1280 648 1436 695 ancipiti

108 715 137 740 10
150 701 315 748 oraculo,
337 715 516 751 responsa
535 703 622 738 data
640 709 753 745 sunt3
784 714 1008 749 quamquam
1030 679 1156 737 filius
1149 713 1228 748 ipse
1250 701 1286 736 in
1307 700 1437 748 primis

148 752 226 801 jam
246 755 414 791 animum
444 767 590 803 quoque
622 754 736 802 patris
770 754 1015 790 consenuisse
1048 753 1086 789 in
1117 753 1253 789 affecto
1282 765 1436 800 corpore

152 805 330 851 rebatur3
373 814 500 844 tamen
521 819 711 843 consensu
737 806 906 842 omnium
939 806 1057 842 victus
1086 813 1154 849 est,
1186 812 1226 841 ut
1247 806 1366 853 ipsum
1399 805 1436 841 in

152 859 350 895 consilium
382 859 534 895 acciret.
593 859 677 895 Nec
705 866 880 907 gravatus
909 871 1025 894 senex
1054 858 1218 907 plaustro
1248 858 1285 894 in
1315 864 1438 894 castra

152 909 291 947 dicitur
312 912 501 956 advectus,
523 918 751 958 vocatusque
785 911 821 947 in
852 911 1051 947 consilium
1081 911 1130 946 ita
1152 910 1267 946 ferme
1287 910 1436 946 locutus

108 975 139 1000 15
151 973 246 1008 esse,
268 970 308 999 ut
329 964 421 999 nihil
442 964 638 999 sententiae
659 975 736 998 suae
758 970 942 1006 mutaret;
974 976 1108 998 causas
1128 963 1278 999 tantum
1299 962 1438 1010 adjice·

150 1021 231 1051 ret:
278 1015 442 1051 “Priore
463 1027 502 1051 se
522 1015 693 1060 consilio,
722 1015 819 1063 quod
851 1015 1032 1062 optimum
1054 1015 1223 1060 duceret,
1257 1027 1345 1050 cum
1375 1027 1439 1062 po-

150 1066 174 1086 “
188 1067 398 1104 tentissimo
418 1067 553 1116 populo
573 1080 638 1115 per
658 1067 792 1116 ingens
825 1067 1053 1103 beneficium
1074 1074 1292 1115 perpetuam
1316 1066 1439 1102 firma-

150 1118 174 1139 “
187 1131 227 1155 re
246 1132 378 1168 pacem
400 1119 701 1167 amicitiamque:
749 1120 865 1155 altero
884 1119 1042 1155 consilio
1075 1119 1112 1155 iu
1143 1120 1278 1155 multas
1295 1126 1437 1161 aetates,

152 1171 336 1219 “quibus,
358 1172 505 1208 amissis
524 1172 671 1208 duobus
697 1172 939 1218 exercitibus,
971 1172 1072 1207 haud
1106 1171 1217 1207 facile
1241 1178 1439 1219 receptura

107 1224 175 1260 ρο(ζ
189 1225 286 1260 vires
306 1224 482 1260 Romana
501 1237 560 1260 res
589 1231 701 1266 esset,
733 1224 872 1260 bellum
899 1224 1071 1260 differre:
1119 1225 1271 1260 tertium
1292 1223 1437 1259 nullum

151 1276 387 1313 “consilium
418 1277 540 1313 esse.'⁷
595 1276 729 1315 Quum
764 1276 862 1312 filius
895 1276 1031 1324 aliique
1065 1276 1255 1325 principes
1281 1288 1438 1324 percon-

151 1330 267 1365 tando
303 1339 610 1377 exsequerentur,
649 1328 793 1367 “Quid
828 1328 858 1364 si
884 1329 1010 1364 media
1029 1329 1088 1364 via
1107 1329 1254 1365 consilii
1285 1341 1436 1377 capere-

151 1382 175 1402 “
190 1388 272 1425 tur3
312 1389 353 1417 ut
384 1388 422 1418 et
451 1381 728 1418 dimitterentur
762 1381 987 1427 incolumes,
1007 1388 1044 1417 et
1063 1381 1166 1430 leges
1187 1382 1231 1417 iis
1247 1381 1330 1430 jure
1352 1381 1438 1418 belli

151 1434 297 1470 “victis
317 1434 625 1482 imponerentur.
613 1435 626 1459 Ἷ
642 1435 662 1450 '²
720 1435 743 1455 ‘⁴
761 1433 839 1469 Ista
866 1434 1017 1481 quidem
1036 1434 1246 1492 sententia3
1261 1435 1282 1450 ”
1305 1433 1438 1481 inquit,

107 1486 234 1523 25“ea
269 1493 339 1528 est,
375 1498 458 1533 quae
496 1498 617 1534 neque
647 1486 788 1522 amicos
821 1493 942 1548 parat
977 1499 1099 1533 neque
1128 1486 1303 1522 inimicos
1334 1486 1439 1522 tollit.

151 1539 343 1575 “Servate
364 1536 486 1583 mode,
507 1551 599 1596 quos
629 1538 838 1596 ignominia
858 1538 1111 1574 irritaveritis:
1151 1551 1196 1574 ea
1224 1546 1280 1574 est
1301 1539 1441 1574 Roma-

151 1592 240 1627 “na
268 1603 375 1639 gens,
405 1603 486 1638 quae
515 1591 614 1627 victa
641 1591 836 1639 quiescere
866 1590 1023 1627 nesciat
1092 1591 1204 1628 Vivet
1223 1603 1369 1639 semper
1400 1591 1438 1626 in

153 1642 405 1691 “pectoribus
426 1643 587 1685 iliorum,
605 1643 802 1691 ,quidquid
841 1643 937 1679 istuc
968 1656 1133 1691 praesens
1154 1644 1362 1680 necessitas
1383 1643 1437 1679 in-

153 1698 177 1718 “
191 1695 352 1738 usserit3
382 1707 502 1742 neque
522 1707 586 1731 eos
607 1703 693 1731 ante
715 1695 943 1743 multiplices
975 1708 1106 1743 poenas
1135 1696 1319 1744 expetitas
1339 1708 1360 1731 a
1380 1708 1438 1732 vo-

109 1756 141 1782 3ο
155 1750 177 1770 “
192 1748 249 1784 bis
268 1747 464 1795 quiescere
484 1747 620 1784 sinet.⁷’

206 1852 276 1889 IV.
322 1851 470 1888 Neutra
490 1852 678 1888 sententia
695 1854 863 1901 accepta,
886 1853 1106 1889 Herennius
1126 1854 1279 1890 domum
1309 1865 1330 1890 e
1359 1866 1442 1890 cas-

153 1905 219 1943 tris
235 1912 292 1942 est
311 1911 476 1940 avectus.
533 1905 582 1940 Et
602 1905 637 1940 in
660 1907 792 1941 castris
812 1906 998 1941 Romanis
1027 1919 1143 1953 quum
1175 1906 1311 1942 frustra
1332 1906 1440 1942 multi

154 1965 311 1995 conatus
330 1957 376 1993 ad
398 1958 671 2006 erumpendum
693 1958 792 2006 capti
813 1964 952 2001 essent,
972 1966 1009 1994 et
1025 1959 1102 2006 jam
1123 1959 1293 1995 omnium
1314 1972 1439 1995 rerum

155 2010 280 2059 inopia
298 2017 425 2053 esset3
473 2010 561 2046 victi
596 2011 820 2047 necessitate
847 2011 989 2059 legatos
1006 2011 1170 2057 mittunt,
1191 2011 1253 2059 qui
1274 2012 1441 2059 priran

108 2073 287 2112 35pacem
307 2075 450 2110 aequam
471 2070 641 2110 peterent
659 2075 667 2098 ε
707 2063 736 2098 si
758 2076 890 2111 pacem
912 2076 986 2099 uon
1009 2064 1263 2112 impetrarent,
1287 2063 1339 2100 uti
1363 2077 1443 2111 pro-

155 2121 332 2151 vocarent
351 2115 396 2151 ad
418 2127 595 2163 pugnam.
640 2115 743 2151 Tum
766 2115 934 2158 Pontius,
958 2116 1222 2152 “debellatum
1244 2117 1366 2159 esse,”
1388 2129 1444 2152 re-

156 2167 327 2215 spondit:
358 2173 382 2189 “
396 2174 445 2210 et,
467 2167 643 2214 quoniam
665 2180 712 2203 ne
732 2168 821 2204 victi
842 2168 993 2216 quidem
1011 2181 1055 2204 ac
1068 2169 1167 2217 capti
1183 2168 1369 2205 fortunam
1389 2169 1441 2205 sa-

157 2219 264 2255 “teri
284 2219 435 2264 scirent,
457 2219 620 2256 inermes
640 2232 728 2256 cum
758 2220 917 2269 singulis
949 2221 1183 2257 vestimentis
1203 2222 1273 2257 sub
1303 2221 1441 2270 jugum

157 2277 181 2294 “
195 2271 419 2307 missurum:
449 2272 540 2307 alias
553 2272 790 2309 conditiones
802 2274 907 2321 pacis
921 2286 1045 2321 aequas
1059 2274 1166 2310 victis
1180 2286 1224 2309 ac
1238 2274 1442 2310 victoribus

111 2333 142 2359 40
157 2329 181 2346 ‘⁴
196 2323 296 2367 fore3
326 2323 356 2359 si
378 2336 466 2372 agro
487 2325 712 2361 Samnitium
734 2326 995 2372 decederetur,
1016 2326 1176 2363 coloniae
1207 2327 1442 2362 abduceren-

157 2382 181 2399 “
196 2383 268 2422 tur,
288 2376 365 2412 suis
385 2376 522 2412 deinde
543 2377 689 2423 legibus
711 2378 929 2414 Romanum
950 2391 994 2414 ac
1017 2379 1229 2415 Samnitem
1252 2392 1357 2427 aequo
1378 2379 1443 2414 foe-

158 2428 284 2465 “dere
304 2429 503 2465 victurum.
562 2429 633 2464 His
654 2431 934 2467 conditionibus
965 2440 1134 2480 paratum
1157 2444 1196 2467 se
1216 2444 1297 2467 esse
1321 2431 1441 2466 soedus

579 2481 650 2517 13*
