1617 2765
554 217 691 248 LIBER
713 216 826 247 XXII.
873 226 954 248 CAP.
972 226 1055 248 xnv.
1377 219 1446 256 191

119 333 151 336 —
119 325 254 372 &cum
275 311 467 350 Hannibal
484 318 607 348 castra
626 318 801 360 posuerat
820 324 951 347 aversa
980 323 1002 346 a
1033 310 1222 347 Vulturno
1244 318 1368 358 vento,
1389 312 1452 360 qui

119 357 145 405 ἕ
166 366 309 423 campis
329 364 475 401 torridis
494 363 665 400 siccitate
686 363 806 399 nubes
819 363 980 412 pulveris
997 363 1110 398 vehit.
1159 362 1203 398 Id
1220 375 1337 410 quum
1358 364 1448 412 ipsis

128 429 144 445 υ
166 418 297 453 castris
326 415 634 473 percommodum
656 415 738 458 fuit,
768 423 847 451 tum
877 415 1037 451 salutare
1067 414 1258 463 praecipue
1286 414 1451 452 futurum

128 471 256 510 ‘’erat‚
277 481 390 516 quum
412 467 532 504 aciem
563 467 783 516 dirigerent,
818 467 887 515 ipsi
918 467 1051 510 aversi,
1084 474 1190 515 terga
1224 465 1369 502 tantum
1400 468 1452 503 af-

119 523 144 546 0⁶
166 521 278 557 ssante
300 527 421 565 vento,
452 519 490 556 in
510 528 744 556 occaecatutn
764 519 916 568 pulvere
932 519 1052 555 effuso
1067 519 1212 555 hostem
1236 520 1452 567 pugnaturi.

217 624 362 661 XLIV.
409 624 607 670 Consules,
646 624 735 660 satis
778 623 978 672 exploratis
1007 622 1219 666 itineribus,
1250 630 1451 670 sequentes

164 677 339 723 Poenum,
353 687 393 714 ut
413 685 565 713 ventum
586 677 633 713 ad
653 677 809 713 Cannas
828 683 897 719 est,
919 676 1012 712 ubi
1004 689 1041 712 tn
1063 683 1272 724 conspectu
1292 675 1453 712 Poenum

165 729 366 775 habebant,
387 730 477 766 bina
495 736 619 765 castra
638 728 916 771 communiunt,
950 729 1084 764 eodem
1106 728 1223 764 ferme
1243 728 1451 771 intervallo,

163 794 236 829 quo
283 782 329 817 ad
348 781 571 824 Geronium,
594 782 692 817 sicut
712 781 812 826 ante,
834 781 952 829 copiis
968 780 1108 816 divisis
1140 772 1304 816 Aufidus
1317 780 1449 837 {lumi—³,

120 841 150 866 10
165 833 330 881 utrisque
349 833 481 870 castris
501 834 669 878 affluens,
687 811 830 869 aditum
852 833 1092 880 aquatoribus
1111 845 1158 868 ex
1178 844 1247 868 sua
1267 832 1451 881 cujusque

163 886 441 934 opportunitate
479 886 579 921 haud
619 885 701 921 sine
741 886 948 921 certamine
978 885 1092 921 dabat
1113 898 1121 920 :
1168 896 1216 920 ex
1243 884 1453 921 minoribus

165 947 290 973 tamen
329 938 474 983 castris,
505 950 588 985 quae
617 937 738 986 posita
776 944 879 973 trans
917 936 1100 973 Aufidum
1140 944 1259 981 erant,
1298 936 1454 974 liberius

164 990 398 1036 aquabantur
417 989 596 1034 Romani,
617 989 705 1036 quia
725 988 806 1036 ripa
826 988 978 1024 ulterior
1010 989 1153 1024 nullum
1184 988 1347 1024 habebat
1368 989 1453 1025 hos-

162 1041 256 1078 tium
285 1041 515 1090 praesidium.
590 1040 785 1077 Hannibal
828 1053 933 1088 spem
977 1047 1112 1076 nactus
1150 1040 1244 1077 locis
1277 1040 1376 1076 natis
1405 1041 1452 1077 ad

120 1101 151 1126 15
163 1100 374 1142 equestrem
393 1105 573 1142 pugnam,
593 1093 668 1141 qua
687 1099 790 1141 parte
813 1093 945 1129 virium
982 1092 1145 1129 invictus
1170 1099 1263 1135 erat,
1287 1092 1452 1129 facturos

163 1145 310 1194 copiam
330 1146 525 1195 pugnandi
545 1145 734 1192 consules,
755 1145 882 1194 dirigit
902 1145 1039 1191 aciem,
1072 1144 1297 1193 lacessitque
1317 1144 1453 1181 Numi-

163 1198 296 1234 darum
315 1198 598 1247 procursatione
620 1198 756 1234 hostes.
813 1197 910 1233 Inde
930 1210 1057 1233 rursus
1077 1197 1269 1233 sollicitari
1300 1197 1452 1234 seditio-

164 1262 212 1286 ne
232 1250 382 1287 militari
416 1262 461 1287 ac
487 1250 673 1287 discordia
703 1249 903 1286 consulum
932 1250 1110 1286 Romana
1139 1257 1286 1294 castra;
1334 1262 1450 1297 quum

164 1302 304 1338 Paulus
324 1302 612 1351 Semproniique
632 1309 669 1338 et
689 1302 867 1338 Flaminii
888 1302 1138 1338 temeritatem
1162 1301 1337 1344 Varroni,
1358 1302 1452 1338 Var-

118 1361 151 1386 20
164 1367 204 1391 ro
224 1355 436 1403 speciosum
470 1354 613 1391 timidis
633 1367 678 1391 ac
707 1354 888 1403 segnibus
917 1354 1079 1390 ducibus
1099 1354 1316 1402 exemplum
1337 1353 1449 1391 Fabi-

163 1419 226 1443 um
247 1407 450 1456 objiceret:
479 1414 751 1455 testareturque
772 1407 874 1442 Deos
894 1406 1141 1454 hominesque
1161 1406 1236 1449 hic,
1268 1411 1291 1429 ‘⁴
1309 1406 1450 1443 nullam

164 1464 318 1507 “penes
338 1471 378 1495 se
399 1459 548 1508 culpam
568 1471 662 1504 esse,
683 1458 784 1507 quod
806 1458 999 1495 Hannibal
1025 1459 1102 1507 jam
1138 1458 1239 1495 velut
1258 1459 1451 1507 usucepis-

163 1514 187 1535 ‘⁴
200 1518 258 1547 set
276 1511 450 1556 Italiam3
489 1524 529 1547 se
556 1512 803 1548 constrictum
824 1524 845 1547 a
865 1511 1008 1559 collega
1039 1510 1183 1555 teneri3
1228 1511 1367 1547 ferrum
1397 1517 1450 1547 at-

163 1567 187 1587 “
200 1576 271 1612 que
291 1576 395 1600 arma
422 1563 525 1600 iratis
543 1570 581 1600 et
600 1576 768 1612 pugnare
799 1563 1042 1611 cupientibus
1062 1563 1176 1599 adimi
1206 1563 1410 1600 militibus:
1426 1562 1449 1579 ”

117 1622 150 1648 25
163 1615 236 1661 ille,
268 1620 291 1639 “
307 1616 338 1652 si
358 1616 446 1664 quid
467 1616 643 1665 projectis
663 1628 708 1652 ac
727 1616 884 1664 proditis
903 1616 949 1651 ad
981 1615 1232 1652 inconsultam
1254 1623 1364 1664 atque
1384 1615 1452 1652 im-

163 1667 392 1716 “providam
420 1680 585 1716 pugnam
614 1668 828 1716 legionibus
856 1667 1061 1713 accideret,
1105 1681 1144 1704 se
1172 1667 1296 1704 omnis
1325 1667 1449 1716 culpae

163 1725 186 1742 ⁴⁸
200 1726 400 1763 exsortem,
419 1720 543 1756 omnis
561 1721 717 1756 eventus
748 1720 972 1768 participem
992 1720 1070 1756 fore
1085 1719 1108 1736 ’⁷
1143 1720 1308 1756 diceret:
1358 1723 1381 1742 “
1399 1719 1450 1756 vi-

163 1775 188 1795 ‘⁶
200 1772 317 1817 deret,
340 1778 391 1818 ut,
410 1771 547 1820 quibus
566 1772 787 1820 linguatam
808 1778 979 1820 prompta
994 1784 1039 1808 ac
1051 1772 1262 1817 temeraria,
1285 1770 1387 1820 aeque
1410 1771 1448 1808 in

163 1827 186 1847 ‘⁴
199 1824 329 1873 pugna
348 1824 517 1873 vigerent
535 1824 709 1860 manus.'’

121 635 151 676 [υ.
126 594 142 620 c.
120 549 143 580 5⁷³

117 1937 150 1963 3ο
213 1928 336 1966 XLV.
383 1927 484 1965 Dum
506 1928 813 1965 altercationibus
834 1929 953 1977 magis
972 1927 1085 1977 quam
1113 1929 1281 1966 consiliis
1301 1936 1449 1979 tempus

161 1981 304 2025 teritur,
327 1981 520 2018 Hannibal
541 1994 585 2017 ex
607 1981 702 2025 acie,
723 1994 836 2030 quam
857 1982 902 2017 ad
923 1982 1083 2018 multum
1104 1981 1179 2018 diei
1199 1989 1373 2018 tenuerat
1394 1982 1449 2018 in-

161 2040 359 2080 structam,
378 2046 493 2081 quum
514 2033 552 2070 in
573 2041 697 2071 castra
715 2041 872 2070 caeteras
892 2034 1078 2082 reciperet
1097 2034 1239 2082 copias,
1259 2033 1449 2070 Numidas

162 2086 209 2122 ad
230 2086 461 2122 invadendos
480 2098 527 2122 ex
557 2086 764 2123 minoribus
793 2086 925 2122 castris
955 2086 1218 2122 Romanomm
1252 2094 1448 2134 aquatores

162 2145 265 2174 trans
293 2137 434 2174 flumen
463 2138 598 2175 mittit:
639 2152 750 2186 quam
784 2139 1018 2175 inconditam
1049 2139 1194 2174 turbam
1225 2151 1340 2186 quum
1371 2139 1448 2175 vix-

117 2199 150 2224 35
163 2190 253 2226 dum
272 2190 310 2226 in
330 2190 449 2238 ripam
468 2191 609 2239 egressi
630 2192 793 2227 clamore
822 2203 867 2227 ac
895 2190 1057 2227 tumultu
1088 2190 1295 2239 fugassent,
1316 2190 1355 2227 in
1374 2197 1448 2227 sta-

162 2242 302 2279 tionem
333 2254 479 2290 quoque
499 2255 565 2291 pro
585 2243 679 2280 vallo
710 2243 871 2280 locatam
902 2250 1013 2291 atque
1047 2243 1146 2291 ipsas
1178 2255 1292 2291 prope
1321 2251 1446 2292 portas

163 2294 283 2330 evecti
304 2301 402 2330 sunt.
460 2294 504 2330 Id
522 2293 606 2331 ver&
626 2295 823 2344 indignum
845 2296 979 2344 visum,
1012 2295 1059 2331 ab
1079 2295 1322 2332 tumultuario
1341 2295 1446 2331 auxi-

163 2346 214 2383 lio
228 2346 306 2395 jam
326 2346 439 2383 etiam
459 2354 582 2383 castra
602 2347 778 2384 Romana
797 2348 950 2384 terreri:
991 2355 1031 2384 ut
1060 2360 1105 2383 ea
1131 2347 1241 2384 modo
1262 2361 1338 2384 una
1357 2359 1446 2383 cau-

163 2411 218 2442 sa,
257 2411 304 2435 ne
344 2399 531 2447 extemplo
568 2401 770 2436 transirent
799 2400 955 2443 flumen,
997 2400 1278 2448 dirigerentque
1309 2399 1444 2441 aciem,

119 2451 329 2487 wtenuerit
349 2451 557 2494 Romanos,
578 2450 675 2499 quod
696 2465 843 2488 summa
876 2452 1023 2500 imperii
1056 2465 1101 2488 eo
1133 2453 1194 2488 die
1215 2465 1330 2500 penes
1352 2451 1446 2486 Pau-

164 2503 241 2540 lum
262 2503 384 2540 fuerit.
442 2503 572 2552 Itaque
596 2504 713 2540 Varro
733 2512 879 2552 postero
899 2505 971 2548 die,
992 2504 1053 2540 cui
1076 2517 1154 2540 sors
1187 2504 1267 2552 ejus
1286 2502 1361 2539 diei
1381 2502 1445 2538 im·
