1617 2765
617 143 754 174 LIBER
778 143 836 173 IX.
868 151 949 173 CAP.
967 152 1016 172 vr.
1404 145 1472 183 151

199 235 301 273 enim
322 242 385 273 aut
405 236 644 285 sponsoribus
665 236 702 272 in
724 236 863 272 foedere
883 249 976 285 opus
991 242 1090 272 esset
1110 243 1173 272 aut
1188 237 1392 282 obsidibus,
1413 237 1477 274 ubi

201 289 416 336 precatione
436 301 494 324 res
527 288 774 337 transigitur?
832 295 936 336 “per
969 300 1080 336 quem
1111 289 1289 336 populum
1324 289 1386 325 fiat
1405 288 1477 337 quo

201 346 225 363 ‘⁶
240 340 369 377 minas
388 340 534 388 legibus
546 340 657 376 dictis
673 347 800 386 stetur,
815 347 854 376 ut
871 353 956 376 eum
979 341 1029 376 ita
1042 340 1189 387 Jupiter
1210 340 1329 386 feriat,
1349 354 1478 388 quem-

202 391 439 428 “admodum
460 404 481 428 a
502 392 698 429 fecialibus
717 405 852 440 porcus
866 392 1055 428 feriatur.'’
1087 392 1378 440 Spoponderunt
1391 405 1479 429 con-

154 456 170 479 t>
199 443 310 486 sules,
331 443 457 491 legati,
477 451 693 492 quaestores,
714 444 854 480 tribuni
885 444 1045 480 militum
1064 456 1071 488 ;
1113 443 1340 491 nominaque
1360 445 1479 481 omni-

199 507 273 540 um,
293 495 355 543 qui
376 496 669 544 spoponderunt,
699 503 868 532 exstant:
916 496 992 539 ubi,
1022 496 1052 532 si
1082 509 1128 532 ex
1157 495 1297 531 foedere
1317 503 1402 532 acta
1420 509 1479 533 res

197 554 308 590 esset,
342 554 586 596 praeterquam
619 547 777 584 duorum
822 548 1023 591 fecialium,
1068 561 1142 584 non
1182 554 1396 593 exstarent;
1442 556 1480 585 et

196 606 346 647 propter
365 600 617 636 necessariam
648 600 798 636 foederis
823 600 1041 637 dilationem
1072 600 1222 636 obsides
1252 600 1365 636 etiam
1399 613 1480 637 sex-

197 651 299 687 centi
319 652 462 699 equites
482 653 667 701 imperati,
688 652 750 700 qui
779 652 901 701 capite
927 653 1087 695 luerent,
1119 652 1149 688 si
1169 659 1279 700 pacto
1312 665 1387 688 non
1408 660 1480 689 sta-

153 715 182 739 10
197 710 308 739 retur.
366 704 538 754 'lempus
559 705 646 741 inde
666 712 845 741 statutum
875 705 1068 741 tradendis
1096 704 1303 747 obsidibus,
1335 707 1480 741 exerci-

195 754 313 803 taque
344 758 477 795 inermi
514 757 710 794 mittendo.
776 757 1066 806 Redintegravit
1097 756 1241 793 luctum
1270 757 1308 792 in
1346 757 1479 793 castris

196 807 394 846 consulum
415 811 611 852 adventus,
633 816 672 845 nt
693 809 751 845 vix
771 810 818 845 ab
839 810 883 845 iis
903 810 1135 847 abstinerent
1154 821 1300 853 manuS,
1321 821 1479 856 quorum

195 862 404 899 temeritate
437 862 474 899 in
509 875 597 898 eum
621 861 744 898 locum
775 862 928 898 deducti
957 868 1110 905 essent3
1153 874 1310 909 quorum
1331 861 1481 910 ignavia

197 913 334 950 foedifis
354 914 454 959 inde,
475 913 588 962 quam
621 914 824 956 venissent,
855 914 1003 950 abituri.
1061 913 1139 950 Illis
1160 926 1235 949 non
1256 914 1394 949 ducem
1427 913 1480 951 lo-

153 979 182 1004 15
197 978 338 1011 corum,
359 979 434 1002 non
455 966 726 1014 exploratorem
746 966 860 1001 fuisse
880 978 886 1001 :
919 965 1126 1002 belluarum
1160 966 1272 1001 modo
1297 978 1420 1002 caecos
1440 966 1479 1002 in

195 1017 339 1054 foveam
361 1018 506 1054 missos.
564 1017 641 1053 Alii
672 1017 763 1053 alios
794 1017 945 1060 intueri,
979 1017 1226 1065 contemplari
1259 1029 1362 1053 arma
1389 1029 1479 1054 mox

196 1070 391 1115 tradenda,
421 1077 459 1106 et
492 1069 655 1106 inermes
689 1069 830 1105 suturas
860 1069 1022 1112 dextras,
1055 1069 1292 1116 obnoxiaque
1325 1081 1481 1118 corpora

196 1121 291 1158 hosti
309 1135 318 1158 τ
349 1134 553 1171 proponere
573 1122 725 1158 sibimet
744 1121 813 1170 ipsi
844 1128 930 1157 ante
963 1121 1093 1158 oculos
1119 1121 1254 1170 jugum
1275 1121 1422 1168 hostile,
1443 1129 1480 1158 et

195 1173 358 1210 ludibria
376 1174 539 1217 victoris,
560 1180 597 1210 et
616 1174 739 1210 vultus
758 1173 951 1222 superbos,
971 1180 1009 1210 et
1038 1186 1103 1222 per
1136 1180 1298 1210 armatos
1327 1173 1481 1210 inermi-

151 1244 183 1269 ρο
197 1238 258 1262 um
282 1226 361 1263 iter.
418 1226 514 1263 Inde
545 1226 634 1262 foedi
664 1226 826 1275 agminis
859 1225 1110 1262 miserabilem
1142 1226 1253 1272 viam,
1274 1238 1339 1274 per
1359 1226 1479 1263 socio-

195 1290 278 1314 rum
309 1279 420 1315 urbes
447 1278 609 1316 reditum
639 1279 677 1314 in
707 1278 865 1327 patriam
895 1278 941 1314 ad
969 1285 1157 1326 parentes,
1176 1276 1249 1326 quo
1279 1290 1378 1326 saepe
1409 1277 1480 1326 ipsi

195 1330 428 1380 majoresque
447 1343 577 1368 eorum
609 1331 884 1379 triumphantes
903 1330 1105 1366 venissent.
1164 1336 1187 1353 ‘⁶
1203 1331 1253 1366 Se
1273 1330 1370 1366 solos
1397 1330 1480 1367 sine

197 1389 221 1406 ‘⁶
235 1383 402 1426 vulnere,
423 1383 504 1420 sine
525 1383 635 1430 ferro,
656 1383 737 1419 sine
758 1383 840 1419 acie
861 1382 1004 1426 victos;
1044 1382 1114 1419 sibi
1135 1395 1211 1419 non
1231 1383 1415 1431 stringere
1435 1382 1478 1419 li-

196 1441 220 1458 “
234 1435 358 1472 cuisse
370 1436 528 1484 gladios,
542 1449 616 1472 non
628 1448 780 1471 manum
795 1448 882 1471 cum
899 1436 1006 1471 hoste
1019 1435 1191 1471 conferre
1205 1447 1213 1479 ;
1234 1435 1304 1471 sibi
1320 1434 1478 1483 nequid-

148 1506 182 1532 25
195 1494 219 1510 “
231 1500 343 1535 quam
365 1500 479 1531 arma,
501 1488 755 1536 nequidquam
772 1487 879 1532 vires,
897 1487 1151 1535 nequidquam
1172 1487 1317 1523 animos
1330 1487 1477 1523 datos.''

194 1540 290 1576 Haec
327 1539 573 1576 frementibus
602 1540 692 1576 hora
731 1539 851 1575 fatalis
893 1539 1112 1588 ignominiae
1151 1539 1314 1585 advenit,
1353 1538 1481 1575 omnia

194 1592 356 1628 tristiora
374 1592 604 1640 experiendo
620 1592 776 1637 factura,
796 1590 908 1640 quam
941 1604 1023 1640 quae
1054 1598 1313 1640 praeceperant
1331 1590 1478 1627 animis.

196 1643 282 1680 Jam
303 1644 461 1692 primurn
481 1656 567 1680 cum
589 1644 748 1693 singulis
767 1644 1001 1680 vestimentis
1034 1644 1197 1680 inermes
1216 1651 1323 1680 extra
1341 1643 1479 1680 vallum

195 1696 297 1732 exire
314 1696 422 1745 jussi,
443 1703 480 1732 et
508 1696 617 1744 primi
648 1696 772 1732 traditi
791 1696 954 1742 obsides,
976 1703 1086 1744 atque
1106 1696 1144 1732 in
1179 1696 1388 1732 custodiam
1418 1695 1480 1731 ab·

150 1767 182 1791 30
195 1748 312 1784 ducti.
369 1747 473 1784 Tum
494 1760 514 1784 a
534 1747 752 1784 consulibus
773 1748 875 1784 abire
894 1748 1044 1784 lictores
1066 1747 1174 1796 jussi,
1194 1747 1480 1795 paludamenta-

193 1812 265 1847 que
285 1800 464 1845 detracta‚
493 1807 636 1836 tantam
667 1800 763 1836 inter
793 1799 902 1848 ipsos,
931 1799 1008 1848 qui,
1036 1798 1146 1848 paul&
1167 1799 1251 1835 ante
1282 1812 1346 1835 eos
1374 1811 1481 1836 exse-

193 1859 355 1897 crantes,
377 1852 571 1889 dedendos
597 1852 892 1900 lacerandosque
921 1858 1163 1894 censuerant,
1198 1851 1479 1888 miserationem

196 1902 336 1955 [fecit,]
360 1911 412 1948 ut,
433 1917 511 1940 suae
529 1903 686 1952 quisque
715 1904 945 1940 conditionis
963 1904 1114 1946 oblitus,
1135 1904 1182 1939 ab
1211 1903 1275 1939 illa
1294 1903 1479 1940 deforma-

192 1956 294 1994 tione
314 1963 427 1993 tantae
447 1956 665 2006 majestatis,
686 1955 786 1992 velut
805 1956 852 1992 ab
883 1955 1047 1993 nefando
1077 1956 1309 2005 spectaculo,
1336 1962 1480 1993 averte-

147 2027 180 2053 35
192 2015 248 2046 ret
267 2009 408 2046 oculos.

245 2113 314 2151 VI.
361 2113 477 2151 Primi
514 2113 690 2151 consules
725 2112 840 2162 prope
872 2112 1061 2150 seminudi
1090 2113 1160 2149 sub
1184 2112 1318 2162 jugum
1348 2112 1478 2151 missi:

195 2173 288 2210 tum,
310 2167 526 2215 utquisque
554 2166 674 2215 gradu
702 2167 894 2215 proximus
913 2173 1005 2213 erat,
1037 2166 1088 2202 ita
1116 2165 1334 2214 ignominioe
1353 2165 1480 2215 objec-

192 2225 275 2255 tus:
304 2225 384 2255 tum
403 2219 585 2267 deinceps
603 2218 761 2268 singulae
781 2218 960 2268 legiones.
1018 2217 1325 2254 Circumstabant
1345 2218 1477 2255 armati

193 2270 331 2314 hostes,
358 2271 625 2319 exprobrantes
658 2272 955 2319 eludentesque:
1001 2270 1117 2319 gladii
1147 2270 1260 2306 etiam
1289 2270 1477 2319 plerisque

149 2321 396 2368 40intentati3
436 2329 474 2359 et
492 2323 676 2360 vulnerati
705 2323 858 2372 quidam
889 2323 1102 2371 necatique‚
1123 2322 1154 2359 si
1185 2322 1306 2359 vultus
1334 2335 1474 2367 eorum,

193 2375 418 2424 indignitate
439 2387 563 2411 rerum
584 2376 717 2422 acrior,
738 2376 916 2413 victorem
936 2376 1167 2413 offendisset.
1226 2375 1284 2411 Ita
1312 2374 1476 2412 traducti

193 2428 263 2464 sub
288 2428 433 2477 jugum,
454 2434 503 2471 et,
524 2428 620 2475 quod
640 2441 747 2477 paene
767 2429 919 2477 gravius
937 2435 1029 2476 erat,
1059 2440 1125 2477 per
1152 2428 1314 2465 hostium
1334 2426 1474 2463 oculos.
