1617 2765
120 159 197 197 260
645 161 735 192 T1T1
759 160 870 190 LIVII

121 264 192 299 que
212 252 406 311 ingenium
427 261 518 297 erat,
550 254 913 302 interpretabantur:
957 253 1018 289 alii
1048 265 1123 290 non
1137 253 1308 290 tribunos
1326 254 1446 302 ple-23

122 303 189 349 bis,
211 305 276 341 sed
297 306 507 342 universam
530 306 731 351 civitatem,
752 318 834 354 quae
855 306 891 341 id
912 306 986 353 pati
1002 312 1144 363 posset,
1165 305 1400 342 incusabant.
1424 325 1442 351 ρ

120 356 267 393 “Duas
300 358 486 394 maximas
517 358 618 394 orbis
647 366 829 394 terrarum
860 358 971 393 urbes
1001 357 1165 415 ingratas
1193 370 1269 393 uno
1288 356 1449 406 propev'
1425 382 1449 413 3

120 409 145 429 “
163 416 327 457 tempore
349 410 386 446 in
416 410 606 458 principes
626 410 823 446 inventas:
866 409 1029 446 Romam
1052 409 1317 458 ingratiorem·
1310 438 1317 454 ,
1358 409 1404 445 si-

120 461 312 509 “quidem
332 462 430 498 victa
451 462 643 510 Carthago
662 462 800 498 victum
823 461 1108 498 Hannibalem
1099 474 1136 497 in
1157 461 1328 497 exsilium
1343 474 1404 497 ex·
1425 458 1442 515 ζ

118 514 143 534 “
160 512 335 561 pulisset;
385 513 512 549 Roma
550 513 682 549 victrix
721 520 898 550 victorem
938 513 1162 549 Africanum
1204 513 1376 561 expellat.
1381 513 1402 529 ’'
1424 520 1450 571 {33

119 565 209 610 Alii,
241 565 486 601 “Neminem
516 577 634 600 unum
664 565 784 601 civem
815 565 958 602 tantum
988 565 1156 601 eminere
1185 565 1336 607 debere,
1365 571 1450 611 ut:

118 616 307 666 “legibus
328 616 548 665 interrogari
569 629 643 652 non
675 617 815 674 possit:
856 617 949 653 nihil
979 624 1053 653 tam
1084 617 1275 664 aequandae
1295 617 1405 653 liber-

117 671 142 690 “
161 669 246 705 tatis
266 681 362 711 esse,
383 681 493 716 quam
515 668 815 729 potentissimum
836 681 1021 716 quemque
1041 682 1148 717 posse
1168 669 1296 705 dicere
1316 681 1404 705 cau-

118 723 142 743 “
159 733 251 756 sam
307 720 414 759 Quid
444 728 569 756 autem
590 718 669 756 tut&
707 720 896 768 cuiquam,
934 721 1073 756 nedum
1104 733 1288 756 summam
1326 733 1404 756 rem
1421 728 1450 752 10

117 775 142 795 (ί
161 772 363 820 publicam,
396 771 573 820 permitti,
603 772 633 808 si
663 772 756 808 ratio
789 785 863 808 non
902 772 947 807 sit
986 772 1212 808 reddenda?
1257 772 1320 820 qui
1344 772 1405 821 jus

116 828 141 847 “
161 836 310 872 aequum
330 824 406 871 pati
428 836 503 860 non
523 825 651 872 possit,
672 824 710 860 in
739 836 824 859 eum
847 824 920 860 vim
950 824 1050 860 haud
1080 824 1254 872 injustam
1281 823 1404 860 esse.'’

119 877 218 913 Haec
240 876 379 924 agitata
399 875 648 918 sermonibus,
678 876 799 912 donec
830 876 910 912 dies
938 876 1110 912 dicendae
1130 887 1253 912 causae
1274 876 1374 912 venit
1395 889 1404 913 z

117 940 192 965 nec
213 928 309 963 alius
329 934 441 963 antea
460 927 668 975 quisquam,
702 940 774 964 nec
808 927 868 963 ille
896 928 974 976 ipse
995 928 1136 976 Scipio,
1157 927 1288 964 consul
1317 940 1406 964 cen-

116 992 235 1024 sorve,
258 979 397 1027 majore
416 979 540 1015 omnis
558 979 709 1027 generis
725 980 918 1015 hominum
937 979 1162 1027 frequentia,
1184 980 1298 1028 quiim
1318 993 1404 1016 reus
1420 987 1450 1013 15

116 1033 180 1069 illo
201 1031 275 1073 die,
297 1031 334 1066 in
354 1030 473 1067 forum
493 1038 550 1067 est
568 1032 765 1067 deductus.
822 1031 957 1067 Jussus
984 1032 1111 1067 dicere
1132 1044 1299 1077 causam,
1321 1032 1402 1068 sine

115 1084 191 1120 ulla
210 1083 414 1119 criminum
437 1083 642 1126 mentione,
663 1083 870 1119 orationem
893 1082 987 1118 adeo
1007 1084 1249 1131 magnificam
1270 1085 1317 1121 de
1347 1096 1403 1120 re·

117 1136 185 1172 bus
222 1135 268 1170 ab
297 1147 337 1170 se
365 1134 481 1182 gestis
517 1141 574 1170 est
601 1147 766 1179 exorsus,
795 1142 836 1171 ut
863 1135 952 1170 satis
980 1142 1181 1180 constaret,
1211 1135 1402 1172 neminem

118 1199 281 1235 unquam
301 1198 423 1233 neque
444 1185 580 1222 melius
610 1198 732 1233 neque
761 1185 882 1222 veritis
915 1186 1109 1222 laudatum
1139 1199 1233 1223 esse.
1290 1186 1404 1223 Dice—

116 1240 251 1275 bantur
271 1237 371 1273 enim
393 1237 440 1273 ab
459 1238 594 1274 eodem
615 1238 740 1274 animo
760 1237 998 1286 ingenioque,
1019 1251 1041 1274 a
1059 1251 1133 1286 quo
1148 1246 1255 1287 gesta
1273 1246 1401 1275 erant:
1416 1245 1449 1270 20

114 1299 152 1327 et
172 1291 317 1327 aurium
339 1289 529 1325 fastidium
550 1290 690 1335 aberat,
711 1289 798 1338 quia
827 1303 893 1338 pro
925 1290 1106 1338 periculo,
1128 1303 1203 1327 non
1233 1291 1270 1327 in
1290 1291 1384 1340 glori

115 1356 189 1387 arn,
211 1341 481 1379 referebantur.

167 1447 231 1485 LI.
265 1446 430 1483 Tribuni
461 1446 594 1495 plebis,
624 1453 750 1483 vetera
778 1446 935 1483 luxuriae
963 1447 1124 1483 crimina
1144 1448 1400 1496 Syracusano-

114 1512 196 1536 rum
231 1499 488 1545 hibernorum,
519 1506 558 1535 et
587 1498 718 1535 Locris
738 1499 1017 1535 Pleminianum
1041 1499 1256 1546 tumultum,
1285 1513 1399 1548 quum

114 1552 160 1587 ad
200 1551 312 1587 fidem
355 1550 597 1599 praesentium
641 1551 843 1587 criminum
890 1551 1105 1587 retulissent
1124 1564 1132 1596 ;
1179 1552 1447 1600 suspicioni-25

114 1603 183 1639 bus
213 1603 344 1651 magis,
388 1601 500 1650 quam
542 1603 788 1651 argumentis,
827 1604 1001 1651 pecuniae
1041 1611 1159 1651 captae
1202 1616 1308 1640 reum
1338 1617 1402 1640 ac-

113 1656 309 1692 cusarunt.
385 1653 570 1690 “Filium
592 1662 743 1702 captum
773 1655 855 1691 sine
883 1655 1003 1703 pretio
1041 1656 1244 1698 redditum,
1282 1656 1402 1692 omni-

111 1710 134 1730 “
151 1707 293 1754 busque
315 1706 397 1742 aliis
416 1706 529 1742 rebus
543 1706 777 1754 Scipionem,
793 1716 983 1755 tamquam
1000 1707 1037 1743 in
1058 1707 1139 1756 ejus
1155 1707 1267 1744 unius
1286 1720 1401 1744 manu

111 1762 221 1807 “pax
242 1759 422 1795 Romana
442 1758 659 1806 bellumque
679 1766 791 1805 esset,
812 1759 859 1795 ab
881 1759 1075 1796 Antiocho
1087 1760 1242 1796 cultum.
1274 1759 1401 1796 Dicta-

111 1815 267 1847 “torem
288 1823 376 1846 eum
397 1810 558 1857 consuli,
580 1823 655 1846 non
677 1811 854 1859 legatum,
877 1812 914 1847 in
935 1811 1136 1860 provincia
1155 1812 1268 1848 fuisse
1287 1825 1295 1847 :
1327 1824 1399 1851 nec
1413 1820 1445 1845 30

110 1867 135 1887 “
149 1863 195 1898 ad
217 1862 325 1898 aliam
348 1875 425 1898 rem
453 1862 498 1897 οὸ
524 1862 746 1909 profectum,
776 1862 888 1911 quam
918 1870 971 1909 ut,
999 1863 1036 1899 id
1067 1864 1165 1911 quod
1186 1863 1395 1911 Hispaniae,

110 1914 295 1960 “Galliae,
330 1913 484 1955 Siciliae‚
513 1914 654 1949 Africae
680 1914 905 1962 jampridem
936 1927 1154 1962 persuasum
1184 1922 1295 1957 esset,
1326 1915 1398 1952 hoc

109 1966 307 2002 “Graeciae
344 1965 519 2012 Asiaeque
539 1971 577 2001 et
603 1965 779 2001 omnibus
807 1966 853 2000 ad
883 1965 1079 2001 Orientem
1103 1967 1217 2002 versis
1245 1966 1398 2016 regibus

109 2018 399 2066 “gentibusque
431 2024 652 2064 appareret3
700 2029 818 2052 unum
839 2017 1029 2053 hominem
1061 2026 1175 2066 caput
1204 2019 1397 2055 columen-

109 2077 134 2098 (ί
148 2082 220 2117 que
241 2069 386 2117 imperii
409 2068 575 2105 Romani
595 2081 705 2105 esse:
749 2069 818 2104 sub
838 2069 977 2106 umbra
997 2070 1186 2127 Scipionis
1206 2071 1394 2107 civitatem
1409 2080 1441 2105 35

110 2121 341 2157 “dominam
363 2120 463 2157 orbis
492 2127 673 2156 terrarum
693 2120 832 2157 latere:
873 2128 1006 2157 nutum
1037 2122 1118 2171 ejus
1137 2135 1203 2170 pro
1232 2123 1395 2160 decretis

112 2182 137 2203 ‘t
150 2172 316 2215 patrum,
338 2186 404 2221 pro
423 2172 548 2220 populi
565 2172 679 2222 jussis
697 2172 817 2209 esse.''
875 2172 1044 2211 Infamia
1075 2174 1272 2218 intactum,
1304 2175 1395 2211 invi·

111 2225 194 2267 dia,
214 2225 294 2273 qua
312 2231 480 2272 possunt,
502 2232 648 2273 urgent.
703 2224 948 2261 Orationibus
967 2226 1003 2261 in
1018 2234 1168 2262 noctem
1187 2227 1392 2275 perductis,

111 2277 282 2326 prodicta
309 2276 390 2312 dies
423 2283 508 2312 est:
555 2276 618 2312 ubi
651 2289 697 2313 ea
724 2276 836 2321 venit,
858 2277 996 2313 tribuni
1026 2278 1063 2314 in
1094 2278 1243 2314 Rostris
1272 2279 1393 2327 prima

113 2329 200 2365 luce
220 2328 484 2365 consederunt.
542 2328 689 2365 Citatus
718 2342 803 2365 reus
831 2341 970 2378 magno
1000 2330 1151 2378 agmine
1184 2330 1390 2367 amicorum
1405 2340 1437 2365 40

113 2381 385 2428 clientiumque
404 2392 469 2429 per
488 2380 650 2416 mediam
672 2381 894 2418 concionem
926 2382 971 2417 ad
1003 2382 1141 2418 Rostra
1161 2382 1298 2419 subiit:
1345 2383 1392 2418 si-

112 2432 302 2481 lentioque
323 2432 432 2475 facto,
453 2434 476 2454 “
496 2432 622 2477 Hoc,”
644 2433 773 2482 inquit,
805 2435 828 2455 “
845 2434 918 2477 die,
940 2434 1079 2470 tribuni
1099 2434 1231 2483 plebis,
1252 2446 1389 2482 vosque
