1638 2765
205 217 253 252 12
724 216 813 246 TlTI
837 215 946 246 LIVII

206 305 419 345 “*homines
455 321 541 346 eum
578 310 793 346 hominibus
826 310 1047 359 sanguinem
1068 318 1105 347 et
1123 324 1244 359 genus
1275 311 1470 350 miscere.’'

203 360 402 409 Nusquam
423 361 587 410 benigne
607 363 744 410 legatio
763 363 890 398 audita
905 369 981 398 est:
1001 362 1095 398 adeo
1112 364 1219 399 simul
1234 365 1472 412 spernebant,

202 412 311 448 simul
333 420 472 449 tantam
503 414 540 449 in
566 414 689 449 medio
717 420 951 450 crescentem
982 414 1117 449 molem
1147 415 1216 450 sibi
1246 428 1290 451 ac
1319 417 1474 463 posteris

202 464 279 500 suis
298 465 525 501 metuebant.
582 466 617 501 A
638 465 822 513 plerisque
842 465 1088 513 rogitantibus
1104 466 1259 511 dimissi,
1279 470 1302 486 “
1317 468 1472 515 Ecquod

204 521 224 535 “
243 516 405 552 foeminis
424 529 569 564 quoque
589 517 731 564 asylum
752 517 1010 565 aperuissent?
1030 517 1066 553 id
1086 518 1186 553 enirn
1203 518 1352 554 demum
1374 532 1473 555 corn-
1501 531 1517 555 5

204 574 227 590 “
245 580 310 616 par
329 569 560 604 connubium
582 569 668 605 sore.
752 568 870 617 AEgre
891 568 927 604 id
948 569 1124 605 Romana
1142 570 1260 618 pubes
1277 582 1403 617 passa3
1436 578 1474 606 et

204 620 303 655 haud
324 619 438 655 dubii:
459 621 504 656 ad
526 620 598 656 vim
627 627 795 668 spectare
815 633 874 656 res
902 621 1037 668 coepit:
1067 621 1128 657 cui
1159 628 1305 669 tempus
1333 621 1474 658 locum-

203 684 274 719 que
305 679 432 720 aptum
454 679 493 708 ut
511 673 616 708 daret
645 672 843 715 Romulus,
865 673 1125 721 aegritudinem
1156 673 1270 708 animi
1304 673 1474 710 dissimu-

203 723 298 770 lans,
318 724 425 759 ludos
453 736 498 760 ex
518 724 701 760 industria
729 732 846 772 parat,
866 725 1046 772 Neptuno
1075 724 1247 772 Equestri
1277 725 1472 761 solennes:

204 775 408 811 Consualia
426 783 544 812 vocat.
602 776 726 811 Indici
745 776 882 811 deinde
895 776 1063 811 finitimis
1075 776 1330 824 spectaculum
1344 777 1471 825 jubet:
1488 787 1517 811 10

203 835 414 874 quantoque
443 835 621 875 apparatu
658 834 736 863 tum
772 827 954 873 sciebant,
990 835 1054 863 aut
1087 835 1270 876 poterant,
1301 829 1474 864 concele-

204 879 336 922 brant;
376 886 416 915 ut
447 892 525 915 rem
563 879 702 915 claram
747 886 1074 927 exspectatamque
1111 879 1288 915 facerent.
1362 879 1472 916 Multi

203 931 378 967 mortales
413 930 636 976 convenere,
673 931 796 967 studio
831 931 943 967 etiam
989 931 1159 967 videndae
1195 943 1299 967 novae
1343 932 1471 976 urbis;

202 981 366 1018 maxime
395 983 555 1030 proximi
589 983 738 1031 quique,
759 983 1019 1025 Caeninenses,
1049 983 1295 1025 Crustumini,
1317 984 1473 1020 Antem-

201 1041 319 1070 nates.
386 1035 471 1071 Jam
503 1035 726 1071 Sabinorum
755 1035 877 1071 omnis
906 1035 1116 1080 multitudo,
1146 1047 1233 1070 curn
1268 1035 1395 1071 liberis
1427 1048 1471 1072 ac
1487 1044 1516 1069 15

201 1086 437 1135 conjugibus,
456 1087 577 1123 venit:
598 1087 743 1123 invitati
761 1087 988 1135 hospitaliter
999 1099 1064 1135 per
1077 1087 1216 1131 domos,
1229 1099 1341 1134 quum
1359 1087 1471 1123 situm

202 1139 414 1186 moeniaque
443 1145 480 1174 et
510 1138 742 1186 frequentem
771 1139 880 1174 tectis
900 1139 1028 1175 urbem
1056 1139 1246 1184 vidissent,
1276 1139 1516 1202 mirantum?

201 1198 275 1226 tam
297 1190 397 1226 brevi
417 1203 494 1226 rem
516 1190 730 1227 Romanam
760 1191 932 1226 crevisse.
989 1190 1061 1226 Lbi
1091 1190 1294 1238 spectaculi
1325 1186 1508 1243 tempus?³

201 1242 316 1285 venit,
337 1242 546 1290 deditaeque
565 1241 610 1278 eo
629 1249 774 1279 mentes
806 1255 892 1279 cum
912 1242 1031 1279 oculis
1059 1250 1177 1283 erant
1198 1249 1276 1278 tum
1296 1255 1342 1278 ex
1371 1240 1515 1291 chin-[5.

200 1295 319 1352 posito
336 1302 416 1330 orta
435 1293 509 1330 vis:
539 1295 720 1343 signoque
739 1295 838 1337 dato,
865 1294 1040 1343 juventus
1060 1294 1235 1330 Romana
1260 1294 1305 1330 ad
1326 1295 1506 1354 raphin-3

200 1346 267 1382 das
286 1346 449 1395 virgines
468 1346 655 1383 discurrit.
711 1346 854 1394 Magna
883 1359 966 1394 pars
996 1346 1100 1389 sorte,
1120 1356 1161 1381 ut
1179 1346 1217 1382 in
1237 1358 1345 1393 quem
1372 1348 1507 1393 q·{·2uae-

200 1410 271 1445 que
291 1398 488 1441 inciderat,
508 1406 647 1447 raptae;
676 1399 853 1447 quasdam
875 1397 992 1435 forma
1011 1397 1230 1441 excellente,
1248 1398 1514 1452 primoribus}
1490 1421 1512 1434 a.

200 1449 351 1486 Patrum
378 1451 595 1497 destinatas,
615 1463 661 1487 ex
689 1450 797 1499 plebe
827 1450 1010 1497 homines,
1029 1449 1164 1498 quibus
1196 1449 1323 1485 datum
1356 1455 1514 1498 nego-'

199 1501 292 1537 tium
312 1509 403 1548 erat,
424 1503 553 1539 domos
572 1481 801 1539 deserebant.
857 1502 992 1546 Unam,
1013 1500 1124 1550 longe
1137 1507 1223 1537 ante
1235 1501 1325 1537 alias
1344 1502 1469 1549 specie

200 1566 244 1589 ac
263 1533 544 1602 pulchritudine
572 1555 771 1603 insignem,
795 1567 816 1590 a
843 1554 953 1603 globo
981 1553 1144 1590 Talassii
1173 1553 1367 1601 cujusdam
1389 1566 1513 1602 rap-25

199 1612 275 1641 tarn
303 1606 449 1643 serunt:
478 1606 678 1654 multisque
707 1606 1000 1652 sciscitantibus,
1020 1605 1170 1641 cuinam
1203 1617 1286 1640 eam
1316 1604 1466 1649 ferrent,

200 1657 417 1703 identidem,
438 1671 485 1694 ne
508 1658 590 1706 quis
618 1658 783 1705 violaret,
813 1658 987 1695 Talassio
1016 1657 1100 1694 ferri
1130 1656 1383 1693 clamitatum:
1413 1657 1469 1693 in-

199 1709 245 1745 de
278 1710 483 1757 nuptialem
516 1711 613 1746 hanc
645 1723 774 1747 vocem
805 1710 952 1746 factam.
1019 1709 1190 1746 Turbato
1224 1720 1290 1756 per
1325 1716 1467 1745 metum

199 1762 356 1804 ludicro,
394 1762 515 1799 rnoesti
551 1769 724 1810 parentes
760 1762 945 1811 virginum
980 1761 1209 1810 profugiunt,
1250 1760 1467 1796 incusantes

199 1814 322 1850 violati
355 1814 503 1862 hospitii
524 1814 657 1858 foedus,
680 1814 877 1862 Deumque
901 1814 1131 1855 invocantes,
1151 1812 1259 1860 cujus
1281 1811 1327 1847 ad
1347 1812 1466 1848 solen-
1479 1827 1511 1852 30

198 1878 246 1902 ne
266 1866 458 1913 ludosque,
478 1878 544 1914 per
564 1866 618 1902 sas
637 1879 680 1902 ac
706 1866 817 1902 fidem
847 1865 1010 1914 decepti,
1029 1865 1228 1901 venissent.
1283 1863 1368 1899 Nec
1387 1876 1467 1912 rap-

198 1917 245 1953 tis
264 1925 327 1953 aut
345 1930 430 1965 spes
448 1918 494 1953 de
514 1930 553 1953 se
573 1918 716 1964 melior,
736 1925 798 1954 aut
817 1918 1026 1966 indignatio
1053 1923 1109 1952 est
1131 1915 1272 1952 minor:
1301 1915 1366 1950 sed
1388 1916 1465 1963 ipse

198 1969 386 2005 Romulus
404 1969 601 2016 circuibat,
621 1970 875 2017 docebatque:
933 1973 954 1989 “
969 1969 1119 2005 Patrum
1140 1967 1176 2003 id
1199 1967 1373 2014 superbia
1394 1968 1466 2003 sac-

198 2027 332 2064 “tum,
359 2021 421 2069 qui
452 2022 684 2058 connubium
714 2021 881 2058 finitimis
909 2020 1132 2069 negassent:
1162 2018 1243 2054 illas
1271 2025 1396 2054 tamen
1427 2019 1464 2054 in

198 2076 221 2093 “
239 2073 488 2116 matrimonio,
509 2073 546 2109 in
571 2074 748 2110 societate
778 2073 1005 2109 fortunarum
1031 2071 1199 2108 omnium
1219 2070 1463 2118 civitatisque,
1479 2086 1510 2110 35

198 2131 222 2147 “
239 2132 287 2170 et,
307 2137 379 2172 quo
398 2125 489 2161 nihil
510 2125 634 2161 carius
652 2126 817 2161 humano
832 2123 960 2173 generi
978 2124 1036 2166 sit,
1053 2123 1208 2159 liberum
1226 2121 1315 2157 fore.
1371 2121 1466 2159 Mol-

197 2180 220 2196 “
237 2177 349 2213 lirent
368 2176 478 2213 modo
499 2177 593 2221 irasg
623 2183 670 2222 et,
691 2177 825 2224 quibus
847 2176 920 2212 fors
947 2187 1103 2223 corpora
1130 2173 1307 2216 dedisset,
1334 2174 1466 2210 darent

197 2231 220 2248 “
238 2228 394 2265 animos.
451 2229 559 2277 Saepe
578 2241 625 2265 ex
644 2229 781 2277 injuria
799 2227 1035 2276 postmodum
1054 2226 1212 2275 gratiam
1230 2232 1348 2261 ortam
1367 2239 1374 2262 :
1404 2225 1466 2262 eo-

196 2286 220 2303 “
236 2293 308 2328 que
327 2280 543 2316 melioribus
562 2293 693 2317 usuras
713 2280 809 2324 viris,
829 2278 928 2327 quod
952 2279 1150 2314 adnisurus
1168 2289 1234 2325 pro
1253 2289 1292 2311 sc
1310 2277 1465 2326 quisque

197 2338 221 2355 ‘⁶
237 2332 295 2376 sit,
310 2339 361 2377 ut,
375 2344 488 2379 quum
508 2344 613 2368 suam
627 2345 644 2367 i
650 2332 745 2368 icem
764 2331 915 2367 functus
929 2330 1053 2367 officio
1069 2330 1127 2372 sit,
1141 2329 1336 2378 parentum
1353 2329 1463 2365 etiam
1478 2342 1510 2367 4ο

196 2384 439 2432 “patriaeque
468 2383 615 2431 expleat
650 2383 917 2419 desiderium.’'
990 2382 1241 2418 Accedebant
1277 2380 1465 2417 blanditiae

195 2435 374 2482 virorum,
398 2435 537 2471 sactum
566 2435 806 2493 purgantium
836 2434 1040 2483 cupiditate
1070 2441 1179 2481 atque
1209 2443 1355 2476 amore;
1384 2444 1465 2480 quae

195 2486 357 2524 maxime
379 2487 424 2524 ad
444 2487 654 2524 muliebre
646 2487 839 2536 ingenium
860 2487 1034 2523 efficaces
1053 2498 1185 2535 preces
1204 2491 1302 2521 sunt.

673 569 696 585 Η
