1617 2765
171 198 245 236 158
694 200 785 231 T1T1
809 199 918 231 Livn

167 293 337 330 omnium
368 293 486 330 aetatis
505 308 581 330 sum
603 295 715 331 fuisse
746 296 881 339 ferunt,
912 303 959 341 et,
981 309 1045 332 seu
1068 297 1199 333 virium
1221 297 1267 342 vi,
1301 309 1367 334 seu
1387 310 1449 334 ex-

168 345 389 395 ercitatione
411 347 541 390 multa,
563 348 637 383 cibi
656 348 803 395 vinique
823 349 999 384 eumdem
1019 349 1308 397 capacissimum
1328 362 1335 385 ;
1375 362 1446 386 nec

168 410 254 434 cum
277 398 352 434 ullo
372 399 595 447 asperiorem
619 399 723 448 (quia
742 401 819 448 ipse
856 401 983 436 invicti
1017 401 1062 436 ad
1093 401 1257 437 laborem
1282 402 1447 449 corporis

167 451 284 500 esset)
308 450 420 486 fuisse
441 451 610 487 militiam
632 452 746 500 pediti
768 453 904 500 pariter
923 453 1124 500 equitique.
1161 453 1317 500 Equites
1333 454 1446 490 etiam

167 502 366 550 aliquando
403 516 512 539 ausos
549 504 595 539 ab
632 516 677 540 eo
704 513 844 552 petere,
883 512 923 540 ut,
955 505 1025 540 sibi
1056 517 1120 552 pro
1148 517 1187 540 re
1218 505 1313 541 bene
1342 508 1445 553 gesta
1475 518 1491 543 5

166 554 305 592 laxaret
342 555 478 603 aliquid
509 555 667 592 laboris:
713 557 848 604 quibus
885 557 959 602 ille,
999 557 1097 592 “Ne
1127 557 1218 592 nihil
1250 558 1446 594 remissum

165 615 186 629 “
203 607 350 650 dicatis,
373 608 561 653 remitto‚''
584 608 714 655 inquit,
745 615 766 629 “
783 621 830 644 ne
852 609 977 656 utique
1007 609 1156 645 dorsum
1188 609 1445 654 demulceatis,

165 666 186 681 “
203 672 316 707 quum
338 672 383 696 ex
404 660 510 707 equis
529 660 769 696 descendetis
787 660 831 696 :''
870 668 907 696 et
928 661 981 697 vis
1000 668 1080 697 erat
1113 661 1150 697 in
1171 674 1216 697 eo
1236 661 1312 697 viro
1331 661 1447 709 impe-

164 712 208 748 rii
244 712 380 759 ingens
406 712 543 760 pariter
564 712 601 747 in
636 712 757 748 socios
785 712 972 760 civesque.
1030 713 1285 749 Praenestinus
1314 722 1447 761 praetor

162 776 227 812 per
247 765 417 800 timorem
449 763 600 812 segnius
634 776 680 799 ex
709 764 886 799 subsidiis
915 777 1001 800 suos
1030 765 1187 800 duxerat
1218 765 1255 800 in
1289 766 1445 813 primam
1465 777 1491 802 ιο

162 816 309 851 aciem:
340 828 450 863 quem
470 828 582 863 quum
615 815 855 851 inambulans
888 823 974 852 ante
1005 816 1291 852 tabernaculum
1322 817 1446 853 vocari

157 867 342 917 jussisset,
364 868 533 904 lictorem
554 868 730 916 expedire
750 868 914 904 securim
937 868 1046 916 jussit
1065 881 1073 903 z
1117 869 1163 904 ad
1183 880 1294 916 quam
1315 881 1445 905 vocem

161 920 325 956 exanimi
354 927 474 956 stante
505 919 750 963 Praenestino,
779 926 800 941 “
817 921 1008 968 Agedum,
1038 920 1158 965 lictor,
1192 920 1325 956 excide
1347 921 1443 958 radi-

163 980 283 1008 “cem
305 973 443 1014 hanc‚''
465 972 596 1019 inquit,
632 973 944 1008 “incommodam
979 973 1316 1008 ambulantibus:''
1366 986 1445 1021 per-

165 1024 368 1072 fusumque
390 1024 509 1060 ultimi
531 1024 703 1072 supplicii
726 1031 841 1066 metu,
865 1024 982 1060 multa
1001 1025 1116 1067 dicta,
1138 1025 1289 1061 dimisit.
1332 1025 1445 1061 Haud
1462 1037 1492 1062 15

165 1077 279 1113 dubie}
301 1077 364 1112 illa
385 1084 505 1122 aetate,
526 1079 597 1124 qua
617 1076 719 1112 nulla
741 1077 916 1112 virtutum
939 1077 1094 1113 feracior
1116 1077 1197 1119 fuit,
1218 1089 1329 1114 nemo
1349 1090 1446 1113 unus

162 1136 241 1165 erat
271 1129 335 1174 vir,
365 1141 437 1176 quo
458 1129 577 1177 magis
607 1129 730 1165 innisa
760 1141 818 1165 res
847 1129 1025 1165 Romana
1058 1136 1193 1165 staret:
1240 1129 1329 1177 quin
1358 1142 1445 1166 eum

161 1193 289 1229 parem
311 1181 502 1217 destinant
521 1180 656 1216 animis
676 1180 820 1229 Magno
849 1181 1066 1217 Alexandro
1099 1181 1250 1224 ducem,
1278 1181 1308 1217 si
1329 1194 1444 1224 arma,

168 1233 259 1269 Asia
280 1232 499 1282 perdomita,
521 1233 559 1269 in
580 1232 770 1281 Europam
791 1233 971 1269 vertisset.

215 1337 347 1374 XVII.
395 1337 500 1374 Nihil
529 1337 652 1374 minus
683 1338 879 1385 quaesitum
913 1351 934 1374 a
966 1338 1151 1388 principio
1185 1337 1296 1387 hujus
1323 1338 1446 1386 operis
1459 1351 1491 1376 ρο

162 1390 279 1427 videri
301 1397 431 1439 potest,
452 1391 563 1438 quam
584 1399 624 1426 ut
650 1390 737 1438 plns
764 1391 864 1439 justo
893 1391 940 1426 ab
969 1404 1092 1427 rerum
1121 1390 1253 1426 ordine
1282 1390 1448 1426 declina-

161 1456 241 1479 rem
259 1456 266 1487 ;
298 1443 611 1490 varietatibusque
632 1443 900 1491 distinguendo
919 1456 1044 1491 opere,
1065 1451 1102 1479 et
1121 1443 1334 1491 legentibus
1347 1442 1447 1478 velut

163 1495 386 1531 diverticula
405 1507 566 1537 amoena,
587 1502 624 1531 et
644 1495 810 1542 requiem
832 1495 958 1532 animo
979 1508 1062 1532 meo
1074 1507 1278 1543 quaererem
1294 1507 1302 1529 :
1319 1501 1446 1530 tamen

165 1547 257 1583 tanti
279 1547 377 1595 regis
406 1559 450 1582 ac
471 1547 580 1582 ducis
610 1547 764 1591 mentio,
793 1547 929 1594 quibus
948 1559 1046 1595 saepe
1069 1546 1193 1583 tacitis
1213 1546 1448 1595 cogitationi-

164 1599 234 1635 bus
264 1599 440 1635 volutavit
468 1598 648 1642 animum,
668 1611 732 1634 eas
760 1608 891 1635 evocat
920 1599 957 1635 in
988 1599 1181 1642 medium3
1222 1606 1263 1634 ut
1281 1610 1446 1646 quaerere
1460 1612 1492 1636 25

162 1651 290 1693 libeat,
322 1651 475 1699 quinam
504 1658 661 1687 eventus
691 1651 877 1687 Romanis
906 1652 1030 1694 rebuS‚
1052 1651 1082 1687 si
1111 1663 1197 1687 cum
1230 1650 1448 1686 Alexandro

164 1703 258 1740 foret
290 1704 478 1748 bellatum,
510 1703 656 1739 futurus
685 1703 807 1739 suerit.
878 1702 1084 1739 Plurimum
1115 1703 1153 1739 in
1183 1702 1281 1739 bello
1309 1702 1447 1751 pollere

164 1756 339 1792 videntur
361 1755 521 1791 militum
542 1755 650 1804 copia
669 1762 706 1792 et
727 1756 853 1800 virtus,
887 1755 1041 1804 ingenia
1073 1755 1351 1804 imperatorum,
1380 1754 1448 1790 for-

163 1818 266 1853 tuna,
305 1821 371 1856 per
399 1807 527 1844 omnia
556 1808 734 1851 humana,
765 1807 925 1844 maxime
955 1808 993 1844 in
1017 1821 1077 1844 res
1106 1807 1270 1851 bellicas
1300 1813 1444 1854 potens.

164 1860 233 1904 Ea,
263 1867 300 1895 et
329 1859 477 1908 singula
507 1860 667 1896 intuenti
697 1867 735 1896 et
763 1860 950 1902 universa,
985 1860 1083 1896 sicut
1109 1859 1156 1895 ab
1185 1859 1267 1894 aliis
1295 1858 1447 1906 regibus
1461 1872 1492 1896 30

163 1912 427 1960 gentibusque,
446 1911 495 1947 ita
514 1911 560 1946 ab
582 1912 651 1947 hoc
672 1924 831 1959 quoque,
849 1911 959 1947 facile
981 1918 1156 1959 praestant
1173 1911 1352 1946 invictum
1372 1910 1448 1946 Ro-

164 1977 317 2000 manum
348 1963 557 2011 imperium.
631 1963 715 1999 Jam
756 1962 926 2011 primum,
971 1971 1012 1999 ut
1047 1963 1171 1999 ordiar
1210 1962 1256 1998 ab
1285 1962 1447 1998 ducibus

167 2015 444 2064 comparandis,
474 2015 572 2050 haud
593 2015 765 2063 equidem
788 2014 925 2057 abnuo,
947 2015 1143 2063 egregium
1165 2015 1302 2050 ducem
1333 2014 1446 2050 fuisse

166 2068 448 2111 Alexandrum;
495 2067 560 2102 sed
594 2067 790 2103 clariorem
824 2073 950 2102 tamen
980 2079 1066 2102 eum
1089 2067 1190 2112 facit,
1219 2065 1319 2114 quod
1350 2079 1448 2102 unus

166 2121 245 2162 suit,
265 2118 361 2168 qubd
383 2119 603 2155 adolescens
634 2120 670 2155 in
692 2119 925 2155 incremento
945 2131 1082 2165 rerum,
1103 2119 1271 2155 nondum
1292 2118 1445 2154 alteram
1462 2133 1493 2156 35

166 2173 353 2209 fortunam
375 2179 561 2220 expertus,
583 2171 756 2207 decessit.
814 2170 863 2207 Ut
883 2170 974 2207 alios
994 2183 1102 2219 reges
1115 2171 1235 2207 claros
1255 2171 1447 2218 ducesque

164 2225 347 2266 omittam,
379 2236 515 2272 magna
553 2223 729 2271 exempla
768 2235 924 2259 casuum
964 2223 1244 2268 humanorum3
1291 2222 1446 2271 Cyrum,

165 2289 275 2325 quem
314 2276 474 2312 maxime
503 2276 627 2312 Graeci
666 2275 838 2311 laudibus
867 2275 1072 2318 celebrant,
1102 2275 1205 2324 quid,
1236 2275 1306 2311 nisi
1336 2274 1447 2323 longa

166 2329 253 2375 vita,
273 2328 371 2364 sicut
393 2329 573 2376 Magnum
605 2326 713 2364 mod&
742 2327 974 2375 Pompejum,
1004 2327 1162 2364 vertenti
1192 2327 1351 2376 praebuit
1380 2326 1448 2362 sor-

166 2382 298 2418 tunae‘!
370 2380 610 2416 Recenseam
645 2380 762 2416 duces
783 2379 989 2426 Romanos,
1019 2393 1091 2417 nec
1119 2392 1250 2416 omnes
1278 2379 1444 2416 omnium
1462 2391 1492 2415 40

168 2433 347 2478 aetatium,
368 2433 433 2468 sed
456 2432 553 2480 ipsos
572 2445 649 2474 θος,
671 2444 757 2467 cum
777 2432 912 2479 quibus
932 2433 1150 2469 consulibus
1171 2439 1232 2468 aut
1260 2430 1448 2467 dictatori-

167 2485 236 2522 bus
278 2485 494 2522 Alexandro
534 2484 602 2521 fuit
641 2484 885 2528 bellandum3
943 2484 997 2521 Μ.
1036 2484 1229 2521 Valerium
1268 2483 1445 2525 Corvum,
