1617 2765
606 161 747 193 LIBER
771 160 815 190 11.
840 169 920 191 CAP.
937 170 1000 191 xu.
1395 161 1447 198 67

161 256 310 301 Naevia‚
332 257 499 294 redditus
519 255 672 292 clamor.
729 255 787 292 Ita
806 254 894 291 eaesi
916 254 952 290 in
975 255 1098 291 medio
1123 255 1362 313 praedatore&
1384 268 1449 292 ne-

160 321 233 369 que
253 311 299 347 ad
319 321 485 359 pugnam
507 308 647 344 viribus
675 320 796 356 pares,
830 314 867 343 et
896 308 942 342 ad
978 307 1105 355 fugam
1138 307 1252 354 septis
1271 308 1447 344 omnibus

160 363 254 398 viis:
285 361 443 410 finisque
464 360 525 397 ille
545 368 621 396 tam
641 360 758 396 effuse
779 359 964 408 evagandi
987 359 1160 395 Etruscis
1181 359 1261 395 fuit.

210 465 304 502 XII.
335 465 496 502 Obsidio
514 471 594 501 erat
614 464 873 507 nihilominus,
908 471 945 500 et
979 464 1157 500 frumenti
1191 476 1278 500 cum
1300 465 1449 501 summa

129 529 145 554 5
159 517 314 554 caritate
335 517 485 566 inopia;
529 518 770 565 sedendoque
800 524 1103 565 expugnaturum
1131 529 1170 552 se
1190 516 1322 552 urbem
1344 529 1448 564 spem

158 569 324 606 Porsena
344 570 528 606 habebat:
572 583 687 618 quum
720 569 764 605 C.
786 569 952 611 Mucius,
975 569 1197 605 adolescens
1216 569 1363 613 nobilis,
1386 570 1448 606 cui

154 621 357 671 indignum
377 622 585 664 videbatur,
606 622 784 670 populum
820 622 1038 658 Romanum
1070 622 1311 667 servientem,
1331 634 1446 669 quum

157 674 227 710 sub
246 675 399 723 regibus
419 682 529 719 esset,
547 674 651 710 nullo
671 674 768 710 bello
797 687 869 710 nec
891 674 937 710 ab
958 674 1128 710 hostibus
1148 674 1233 710 ullis
1252 674 1448 710 obsessum

142 738 264 771 ·esse;
295 727 454 763 liberum
474 727 650 763 eumdem
678 726 856 775 populum
888 726 935 762 ab
955 726 1087 762 iisdem
1111 726 1282 762 Etruscis
1300 726 1449 762 obside-

114 789 144 813 10
158 778 375 826 ri‚quorum
392 792 491 828 saepe
524 780 713 815 exercitus
743 779 903 822 fuderit3
951 779 1089 826 itaque,
1125 791 1263 827 magno
1297 778 1450 814 audaci-

157 843 230 878 que
263 831 386 880 aliquo
417 831 584 867 facinore
611 844 694 867 cam
731 831 996 879 indignitatem
1032 831 1301 867 vindicandam
1332 838 1448 877 ratus,

157 883 277 931 primo
310 896 379 920 sua
412 891 543 932 sponte
573 890 769 941 penetrare
802 884 839 919 in
874 883 1037 919 hostium
1073 890 1196 919 castra
1226 883 1448 919 constituit:

158 935 246 971 dein
267 944 453 978 metuens,
486 948 545 980 ne,
580 936 610 971 si
645 935 844 971 consulum
880 935 1024 983 injussu
1054 942 1091 971 et
1112 936 1252 984 ignaris
1271 936 1448 971 omnibus

158 986 239 1032 iret,
268 987 359 1024 forte
389 987 648 1035 deprehensus
681 1000 703 1022 a
736 987 956 1023 custodibus
976 987 1164 1023 Romanis
1195 988 1448 1023 retraheretur

115 1050 145 1075 15
159 1047 199 1075 ut
219 1018 425 1088 transfuga,
447 1039 596 1076 fortuna
617 1046 694 1075 tum
716 1039 819 1075 urbis
835 1039 981 1075 crimen
1002 1039 1214 1075 affirmante
1232 1052 1242 1083 ς
1273 1046 1447 1075 senatum

157 1091 249 1128 adiit
267 1105 275 1128 :
331 1092 552 1128 “Transire
573 1091 786 1134 Tiberim‚''
815 1091 948 1139 inquit,
983 1094 1006 1113 ‘⁶
1022 1091 1163 1136 Patres,
1185 1098 1223 1127 et
1243 1091 1397 1137 intrare,
1419 1092 1448 1127 si

157 1145 181 1165 ‘⁶
198 1145 350 1193 possim,
372 1151 496 1181 castra
515 1144 676 1181 hostium
698 1144 802 1187 volo;
832 1157 908 1180 non
924 1144 1061 1191 praedo,
1079 1156 1152 1180 nec
1165 1144 1448 1192 populationum

157 1198 181 1218 ‘⁶
199 1197 237 1233 in
258 1197 379 1234 vicem
396 1198 492 1234 ultor
510 1210 518 1233 :
549 1197 680 1246 majus,
695 1197 725 1232 si
743 1196 806 1232 Dii
823 1196 969 1245 juvant,
987 1197 1024 1233 in
1043 1196 1172 1232 animo
1188 1204 1245 1232 est
1259 1196 1448 1232 facinus.‘’

163 1250 382 1298 Approbant
401 1250 531 1286 Patres
556 1262 563 1286 :
607 1249 734 1285 abdito
756 1249 852 1285 intra
886 1256 1027 1285 vestem
1055 1249 1163 1294 ferro,
1184 1248 1449 1297 proficiscitur.

114 1301 233 1338 20Ubi
252 1301 297 1338 eo
318 1302 432 1345 venit,
454 1302 492 1338 in
522 1301 797 1338 confertissima
827 1301 937 1337 turba
967 1300 1082 1350 prope
1116 1301 1264 1350 regium
1284 1301 1449 1337 tribunal

159 1355 339 1391 constitit.
397 1354 455 1391 Ibi
477 1367 591 1403 quum
626 1354 855 1402 stipendium
877 1353 969 1390 forte
1002 1354 1186 1390 militibus
1216 1354 1383 1400 daretur,
1413 1360 1451 1390 et

159 1407 297 1453 scriba,
318 1420 404 1443 cum
426 1419 514 1455 rege
535 1406 672 1442 sedens
690 1406 769 1454 pari
790 1406 865 1442 fere
886 1413 1034 1449 ornatu,
1062 1406 1179 1442 multa
1199 1413 1340 1455 ageret,
1363 1418 1450 1442 eum

160 1459 299 1495 milites
319 1458 431 1508 vulgo
451 1459 611 1501 adirent,
632 1458 770 1494 timeus
797 1458 995 1505 sciscitari,
1031 1466 1112 1494 uter
1140 1459 1308 1495 Porsena
1337 1468 1449 1500 esset,

159 1523 208 1547 ne
239 1511 447 1560 ignorando
480 1523 608 1559 regem
640 1518 759 1546 semet
796 1510 875 1558 ipse
913 1511 1086 1559 aperiret,
1121 1511 1204 1559 quis
1236 1518 1347 1556 esset,
1378 1510 1451 1559 qun}

114 1563 300 1600 25temere
321 1563 433 1600 traxit
452 1563 602 1600 fortuna
631 1562 791 1605 facinus,
826 1562 989 1599 scribam
1023 1576 1089 1611 pro
1117 1576 1206 1612 rege
1237 1563 1450 1599 obtruncat.

162 1615 376 1652 Vadentem
397 1616 499 1659 inde,
518 1617 589 1663 qua
610 1628 675 1664 per
696 1615 880 1663 trepidam
910 1615 1057 1651 turbam
1088 1623 1246 1652 cruento
1268 1628 1450 1652 mucrone

161 1667 232 1704 sibi
254 1668 333 1716 ipse
352 1668 494 1704 fecerat
512 1668 622 1711 viam,
644 1680 772 1715 quum,
804 1680 994 1704 concursu
1025 1667 1071 1703 ad
1103 1668 1310 1704 clamorem
1338 1668 1450 1711 facto,

162 1720 476 1768 comprehensum
506 1720 600 1769 regii
637 1719 816 1756 satellites
858 1720 1114 1766 retum-issent,
1159 1727 1245 1756 ante
1285 1721 1468 1765 tribunal·

161 1772 261 1821 regis
291 1772 504 1815 destitutus,
535 1779 613 1808 tum
643 1784 802 1819 quoque,
838 1771 934 1807 inter
967 1779 1090 1807 tantas
1118 1771 1277 1808 fortunae
1314 1773 1450 1816 minas,

116 1825 390 1861 mmetuendus
427 1824 548 1873 magis
584 1823 696 1872 quam
730 1831 917 1867 metuens,
964 1824 1206 1860 “Romanus
1243 1825 1367 1870 sum,’'
1398 1825 1453 1862 in·

160 1877 253 1925 quit,
282 1879 306 1898 “
319 1877 424 1913 civis.
482 1877 526 1913 C.
549 1876 722 1912 Mucium
743 1883 891 1912 vocant.
950 1876 1081 1912 Hostis
1110 1877 1255 1913 hostem
1275 1877 1452 1914 occidere

162 1931 187 1951 ‘⁶
204 1929 302 1966 volui
320 1942 329 1966 ι
356 1942 429 1966 nec
449 1929 496 1965 ad
517 1935 675 1966 mortem
706 1928 832 1964 minus
853 1928 969 1965 animi
989 1937 1058 1971 est,
1089 1927 1203 1976 quam
1225 1929 1295 1965 fuit
1314 1930 1360 1966 ad
1381 1942 1454 1966 cae·

161 1982 186 2004 “
203 1982 320 2018 dems
359 1981 409 2018 Et
429 1981 553 2018 facere
587 1987 625 2017 et
643 1981 719 2029 pati
741 1980 859 2027 fortia,
880 1981 1101 2025 Romanum
1121 1988 1201 2017 est.-
1246 1981 1333 2018 Nec
1354 1995 1454 2019 unus

161 2034 241 2071 “·in
262 2041 298 2071 te
317 2046 389 2084 ego
405 2034 473 2071 hos
492 2033 638 2070 anim-os
666 2033 765 2082 gessi
781 2046 789 2068 ε
828 2033 964 2082 longus
983 2041 1066 2082 post
1085 2046 1145 2070 me
1164 2034 1256 2071 ordo
1275 2041 1332 2070 est
1352 2035 1453 2071 idem

118 2087 188 2120 πί(
206 2087 413 2135 petentium
444 2087 574 2123 decus.
619 2085 782 2122 Proinde
813 2085 851 2121 in
873 2086 945 2122 hoc
965 2086 1184 2129 discrimen,
1207 2087 1237 2122 si
1255 2087 1373 2135 juvat,
1394 2099 1455 2123 ac·

119 2137 122 2140 ’
163 2138 372 2188 “cingere
392 2139 491 2176 utin
512 2138 680 2187 singulas
713 2138 822 2175 horas
852 2138 975 2196 capite
1006 2138 1166 2175 dimices
1185 2146 1271 2184 tuo;
1313 2139 1453 2176 ferrum

164 2192 188 2214 “
205 2191 453 2240 hostemque
445 2204 483 2228 in
500 2191 684 2227 vestibulo
715 2191 855 2227 habeas
887 2191 1012 2240 regiae.
1072 2191 1158 2228 Hoc
1178 2192 1245 2227 tibi
1276 2192 1454 2247 juventus

164 2246 190 2267 “
207 2241 385 2280 Romana
403 2243 608 2280 indicimus
629 2243 780 2279 bellum.
836 2243 994 2279 Nullam
1024 2243 1161 2289 aciem,
1194 2244 1339 2280 nullum
1361 2257 1455 2311 prce-

164 2293 298 2332 “lium
328 2296 510 2333 timueris.
582 2295 658 2332 Uni
701 2295 782 2338 tibi,
823 2302 860 2332 et
899 2308 987 2332 cum
1028 2296 1200 2345 singulis,
1242 2309 1301 2332 res
1343 2296 1439 2333 erit?

120 2356 152 2380 40
164 2348 300 2389 Quum
320 2360 396 2392 rex,
417 2348 527 2385 simul
553 2349 606 2385 ira
637 2347 820 2392 infensus,
850 2328 1109 2396 periculoque0
1116 2350 1355 2391 conterritus,
1384 2349 1455 2384 cir-

166 2400 339 2438 cumdari
362 2400 467 2449 ignes
500 2400 786 2437 minitabundus
815 2401 976 2450 juberet,
1009 2401 1081 2437 nisi
1115 2409 1353 2449 expromeret
1374 2412 1455 2448 pro-

166 2451 266 2504 pere,
312 2465 403 2501 quas
440 2452 660 2489 insidiarum
694 2453 764 2489 sibi
805 2453 926 2490 minas
965 2466 1030 2502 per
1070 2454 1249 2502 ambages
1284 2453 1453 2501 jaceret;
