1617 2765
128 175 207 213 262
681 176 772 207 τιτι
795 178 907 209 mvn

130 271 154 290 “
171 270 408 318 reducerent,
436 271 482 308 ad
510 285 598 308 eum
627 273 810 321 privatum
841 286 887 309 ex
916 273 999 309 villa
1028 275 1094 310 sua
1123 275 1408 322 extrahendum,

130 324 154 343 “
172 322 218 358 ad
247 335 400 360 causam
430 325 646 371 dicendam,
667 326 813 362 mittere
839 338 914 362 non
944 326 1188 363 audeamus.'’
1245 327 1408 365 Tribuni

130 373 263 422 plebis,
283 376 457 424 appellati
479 377 525 412 ab
545 377 588 412 L.
611 377 804 425 Scipione,
827 378 878 414 ita
897 378 1157 422 decreverunt,
1187 381 1211 400 ‘⁶
1229 379 1269 415 Si
1291 380 1407 417 morbi

132 429 154 447 “
173 429 284 463 causa
305 437 560 472 excusaretur,
582 429 652 465 sibi
672 429 835 477 placere,
856 430 977 478 accipi
997 443 1079 467 eam
1100 444 1265 476 causam,
1294 432 1394 468 diem

129 480 240 526 “que
261 492 282 515 a
301 480 456 528 collegis
475 481 657 529 prodici-'⁹
713 481 910 518 Tribunus
936 482 1054 530 plebis
1086 496 1131 519 eo
1160 490 1326 530 tempore
1346 483 1409 521 Ti.
1439 493 1456 517 5

131 531 376 580 Sempronius
395 533 593 569 Gracchus
612 541 702 578 erat,
724 534 786 570 cui
815 534 1022 571 inimicitiae
1050 547 1136 571 cum
1168 535 1209 571 P.
1231 536 1410 584 Scipione

128 581 415 620 intercedebant
433 598 440 620 :
484 585 528 631 is,
547 597 661 632 quum
683 586 860 622 vetuisset
879 599 1017 623 nomen
1037 600 1145 623 suum
1166 587 1319 624 decreto
1338 587 1394 624 col

128 634 297 683 legarum
324 637 501 679 adscribi,
533 637 806 684 tristioremque
831 651 963 674 omnes
996 639 1222 675 sententiam
1255 652 1411 688 exspec-

128 693 263 734 tarent,
294 689 345 724 ita
374 689 566 725 decrevit:
623 688 796 727 “Quum
830 689 874 725 L.
896 690 1024 738 Scipio
1053 699 1209 728 excuset
1239 692 1408 729 morbum

128 739 251 777 “esse
271 753 394 777 causae
425 740 541 787 fratri,
568 742 658 777 satis
686 741 723 777 id
757 741 827 777 sibi
859 742 986 778 videri.
1044 743 1094 778 Se
1115 743 1154 779 P.
1177 743 1408 791 Scipionem,
1427 752 1456 776 10

128 792 151 813 ‘⁴
169 793 383 841 priusquam
405 793 568 829 Romam
589 793 759 839 redisset,
781 794 951 830 accusari
971 807 1043 831 non
1067 807 1262 842 passurum
1281 808 1288 831 ε
1330 803 1411 832 tum

128 844 328 894 “quoque,
358 845 389 881 si
418 858 458 881 se
487 846 661 894 appellet,
691 846 829 882 auxilio
870 846 905 882 ei
945 846 1124 889 futurum,
1167 859 1215 883 ne
1254 860 1410 884 causam

127 897 151 918 “
168 898 282 934 dicat.
338 898 400 934 Ad
421 897 457 933 id
479 897 669 947 fastigium
689 898 802 934 rebus
821 897 946 947 gestis,
968 899 1171 935 honoribus
1188 899 1311 948 populi
1332 900 1411 937 Ro-

127 950 152 971 “
170 950 283 995 mani,
318 949 359 986 P.
383 950 600 998 Scipionem
621 950 788 987 Deorum
822 950 1092 999 hominumque
1111 964 1299 988 consensu
1328 965 1411 1000 per-

127 1004 152 1024 “
169 1002 328 1045 venisse,
358 1009 399 1038 ut
417 1002 487 1038 sub
507 1002 657 1038 Rostris
676 1014 781 1038 reum
802 1010 911 1049 stare,
932 1010 970 1038 et
998 1003 1164 1051 praebere
1185 1016 1293 1040 aures
1322 1004 1408 1041 ado·
1425 1012 1454 1037 1⁵

126 1057 149 1076 ‘⁴
167 1054 392 1091 lescentium
431 1054 626 1101 conviciis,
664 1054 801 1103 populo
841 1055 1018 1092 Romano
1063 1055 1183 1104 magis
1226 1055 1406 1101 deforme,

126 1109 150 1129 “
167 1106 279 1155 quam
300 1106 382 1155 ipsi,
403 1106 488 1143 sit.'’

179 1211 289 1249 LIII.
319 1211 474 1261 Adjecit
493 1211 645 1248 decreto
665 1211 964 1261 indignationem
980 1225 987 1249 ε
1018 1214 1040 1234 “
1059 1212 1139 1249 Sub
1158 1212 1317 1261 pedibus
1331 1225 1411 1249 ves-

124 1267 148 1287 “
167 1265 233 1301 tris
263 1264 389 1311 stabit,
426 1264 579 1307 tribuni,
616 1264 775 1300 domitor
804 1264 865 1301 ille
899 1265 1054 1309 Africae,
1085 1264 1248 1313 Scipio?
1316 1264 1410 1302 Ideo

123 1320 323 1365 “quatuor
359 1316 611 1353 nobilissimos
639 1317 758 1353 duces
786 1316 986 1353 Poenorum
1025 1317 1063 1353 in
1095 1316 1293 1365 Hispania,
1322 1329 1410 1364 qua·
1422 1325 1455 1350 20

123 1373 146 1392 ‘⁴
166 1377 249 1405 tuor
285 1368 474 1405 exercitus
512 1368 607 1405 fudit
646 1368 886 1417 fugavitque3
933 1369 1019 1405 ideo
1053 1369 1266 1417 Syphacem
1296 1369 1409 1417 cepit,

123 1425 147 1446 “
167 1421 425 1458 Hannibalem
445 1421 597 1466 devicit,
618 1421 889 1470 Carthaginem
918 1421 1141 1470 vectigalem
1173 1421 1280 1457 nobis
1306 1421 1408 1464 fecit,

124 1474 401 1510 “Antiochum
425 1472 585 1521 (recepit
604 1473 705 1509 enim
730 1473 880 1509 fratrem
907 1483 1119 1510 consortem
1151 1473 1263 1522 hujus
1280 1473 1409 1522 gloriae

125 1531 148 1551 “
166 1525 208 1562 L.
241 1525 389 1574 Scipio)
423 1525 519 1561 ultra
550 1525 670 1561 Tauri
700 1525 793 1574 juga
825 1526 973 1571 emovit,
1009 1533 1049 1562 ut
1077 1525 1222 1561 duobus
1252 1524 1409 1561 Petilliis

124 1583 148 1604 “
165 1577 444 1621 succumberet,
466 1590 529 1614 vos
549 1577 595 1613 de
617 1577 656 1612 P.
676 1577 858 1614 Africano
878 1577 1038 1626 palmam
1056 1577 1257 1625 peteretis?
1313 1577 1454 1613 Ναὶ-25

123 1635 147 1657 ‘⁴
163 1630 259 1666 lisne
280 1629 423 1665 meritis
441 1629 529 1675 suis,
551 1629 664 1665 nullis
686 1630 818 1665 vestris
850 1630 1067 1672 honoribus,
1100 1641 1264 1676 unquam
1285 1628 1323 1665 in
1353 1641 1409 1665 ar-

123 1689 147 1709 “
167 1695 251 1718 cem
271 1688 390 1718 tutam
410 1689 447 1717 et
467 1681 567 1718 velut
585 1688 754 1717 sanctam
786 1682 876 1718 clari
906 1682 973 1718 viri
993 1681 1238 1730 pervenient3
1279 1681 1358 1729 ubi,
1375 1681 1406 1717 si

123 1741 239 1771 “non
273 1733 509 1780 venerabilis,
547 1733 723 1770 inviolata
755 1734 900 1777 saltem,
934 1741 1110 1770 senectus
1134 1745 1263 1770 eorum
1284 1733 1408 1769 consi-

123 1794 146 1815 “
164 1787 227 1823 dat
245 1787 258 1822 T
273 1786 296 1802 ”
354 1785 470 1822 Movit
488 1793 525 1822 et
544 1786 751 1832 decretum,
772 1793 810 1822 et
829 1786 977 1835 adjecta
996 1785 1125 1831 oratio,
1155 1798 1230 1821 non
1251 1792 1407 1822 caeteros

122 1838 245 1881 modo,
267 1838 332 1874 sed
353 1838 452 1886 ipsos
471 1838 586 1874 etiam
606 1840 867 1875 accusatores:
887 1845 938 1884 et,
954 1838 1224 1874 deliberaturos
1244 1850 1297 1883 se,
1316 1837 1405 1884 quid
1420 1845 1452 1871 3ο

126 1891 185 1928 sui
202 1890 296 1939 juris
316 1898 353 1926 et
378 1890 492 1926 officii
511 1897 624 1932 esset,
645 1890 830 1928 dixerunt.
888 1891 1052 1926 Senatus
1071 1889 1222 1933 deinde,
1243 1889 1406 1925 concilio

121 1943 241 1993 plebis
274 1942 442 1987 dimisso,
476 1942 604 1977 haberi
635 1949 691 1977 est
721 1950 879 1990 coeptus.
936 1942 993 1977 Ibi
1015 1941 1144 1989 gratiae
1165 1940 1338 1989 ingentes
1358 1940 1404 1977 ab

122 1996 296 2032 universo
334 1993 480 2037 ordine,
515 1993 703 2042 praecipue
743 2005 764 2028 a
803 1993 1063 2029 consularibus
1104 1992 1403 2040 senioribusque,

122 2048 185 2084 Ti.
207 2046 383 2084 Graccho
399 2053 492 2082 actae
512 2052 610 2090 sunt,
631 2045 729 2093 quod
763 2045 1034 2093 rempublicam
1068 2044 1220 2093 privatis
1239 2044 1405 2081 simulta-

122 2100 220 2136 tibus
257 2098 438 2147 potiorem
469 2097 686 2134 habuisset:
734 2104 772 2134 et
804 2097 940 2134 Petillii
972 2096 1092 2133 vexati
1126 2103 1214 2132 sunt
1244 2096 1449 2146 probris‚35

120 2150 218 2200 quod
239 2150 437 2199 splendere
457 2150 579 2186 aliena
608 2149 748 2186 invidia
777 2149 992 2196 voluissent,
1025 2156 1063 2185 et
1095 2148 1211 2197 spolia
1230 2160 1277 2184 ex
1303 2148 1403 2185 Afri-

122 2203 208 2240 cani
229 2203 419 2250 triumpho
441 2209 625 2251 peterent.
673 2201 874 2238 Silentium
896 2201 1033 2238 deinde
1054 2201 1100 2237 de
1123 2200 1305 2237 Africano
1321 2200 1400 2237 fuit.

122 2256 250 2292 Vitam
272 2254 416 2290 Literni
437 2254 514 2303 egit
534 2254 615 2290 sine
635 2253 822 2290 desiderio
841 2253 953 2290 Urbis
971 2267 979 2290 ι
1009 2253 1232 2290 morientem
1251 2265 1336 2289 rure
1355 2265 1401 2289 eo

122 2307 203 2356 ipso
239 2306 322 2343 loco
351 2306 500 2354 sepeliri
529 2318 568 2342 se
607 2306 762 2355 jussisse
792 2305 928 2349 ferunt,
959 2313 1319 2353 monumentumque
1348 2304 1399 2341 ibi

124 2358 316 2405 aedificari,
345 2370 393 2394 ne
424 2358 536 2394 funus
564 2358 633 2395 sibi
664 2359 701 2395 in
732 2358 878 2407 ingrata
907 2358 1023 2406 patria
1054 2357 1170 2394 fieret.
1227 2357 1295 2393 Vir
1324 2369 1400 2393 me·
1413 2364 1446 2390 4⁰

123 2411 339 2448 morabilis:
369 2409 514 2446 bellicis
533 2418 673 2454 tamen,
694 2409 805 2459 quam
827 2411 942 2459 pacis,
964 2411 1105 2446 artibus
1124 2409 1399 2446 memorabilior

123 2464 243 2514 prima
262 2475 347 2512 pars
367 2462 463 2507 vitae‚
480 2462 590 2510 quam
611 2471 808 2512 postrema,
830 2463 919 2508 suit;
961 2463 1047 2511 quia
1069 2462 1105 2498 in
1122 2461 1278 2511 juventa
1303 2460 1400 2497 bella
