1617 2765
86 148 166 186 272
629 142 719 173 TITI
743 141 854 172 LIVII

88 248 111 263 “
126 241 246 278 cultos
267 239 330 281 ait,
352 245 461 287 atque
481 250 610 275 eorum
632 237 771 273 fiducia
791 236 828 272 in
850 248 954 284 spem
984 236 1088 286 regni
1110 247 1170 271 me
1191 236 1337 274 venisse
1356 238 1369 273 l

88 300 110 313 “
127 306 213 330 nam
234 292 264 329 si
284 299 321 328 et
341 292 378 327 in
399 291 586 327 Romanis
605 297 751 326 tantum
773 289 952 325 momenti
979 302 1060 325 esse
1081 289 1297 335 credebam,
1319 296 1370 332 ut,

87 349 109 365 “
125 358 237 394 quem
259 343 408 386 vellent,
431 343 668 391 imponerent
702 340 939 377 Macedoniae
961 354 1102 390 regem,
1122 349 1159 378 et
1179 354 1272 377 meae
1292 348 1373 377 tan-

89 402 110 416 “
127 405 204 434 tum
245 396 344 445 apud
381 408 446 432 eos
482 394 611 443 gratiae
640 392 892 439 confidebam,
934 393 1021 441 quid
1051 407 1143 442 opus
1172 393 1374 442 parricidio

89 453 110 468 “
130 449 228 486 fuit?
287 450 363 491 An,
385 455 426 483 ut
445 453 644 483 cruentum
666 445 830 481 fraterna
849 445 953 481 caede
975 446 1149 482 diadema
1168 458 1339 494 gererem
1358 447 1370 481 T
1402 457 1419 482 5

89 507 112 522 “
127 509 168 539 ut
188 501 259 538 illis
280 500 380 549 ipsiS‚
412 499 511 547 apud
537 511 629 545 quos
649 504 712 533 aut
742 497 828 533 vera
855 505 918 533 aut
938 501 1038 534 certe
1059 498 1233 534 simulata
1252 498 1374 546 probi-

90 560 110 574 “
128 562 201 591 tate
222 561 365 602 partam
385 550 542 600 gratiam
565 550 695 594 habeo,
717 549 873 596 siquam
895 549 987 586 forte
1008 551 1141 596 habeo,
1162 550 1374 586 exsecrabi-

90 606 173 642 “lis
192 613 229 642 et
249 605 390 641 invisus
409 603 559 639 essem?
602 601 674 638 nisi
704 601 752 637 Τ.
773 601 978 640 Quintium
1009 603 1145 645 credis,
1177 603 1285 651 cujus
1306 602 1375 638 vir-

90 662 207 694 “tute
228 665 266 693 et
298 655 465 693 consiliis
495 667 554 690 me
588 666 692 689 nunc
712 654 838 701 arguis
868 654 960 702 regi,
992 667 1105 702 quum
1137 662 1171 690 et
1203 655 1280 703 ipse
1310 654 1374 691 tali

89 714 111 728 “
128 711 265 758 pietate
285 709 383 744 vivat
401 719 487 743 cum
510 706 634 751 fratre,
657 705 747 741 mihi
784 705 958 742 fraternae
979 707 1094 742 caedis
1116 706 1228 742 fuisse
1250 714 1375 743 aucto·
1391 719 1420 743 10

90 765 111 780 “
127 775 219 798 rem.
268 761 374 797 Idem
395 772 470 795 non
491 759 752 795 Romanorum
773 757 898 793 solum
919 758 1092 806 gratiam,
1113 759 1178 794 sed
1202 759 1377 795 Macedo-

89 816 111 832 “
127 826 218 850 num
236 812 394 862 judicia,
415 823 458 847 ac
477 823 585 860 paene
603 810 773 846 omnium
808 809 977 846 Deorum
998 810 1267 859 hominumque
1287 824 1377 848 con-

89 867 111 884 “
127 877 278 902 sensum
299 863 461 912 collegit,
482 876 548 912 per
567 875 650 911 quae
683 862 811 898 omnia
844 874 883 898 se
918 862 1009 898 mihi
1038 875 1165 911 parem
1200 863 1238 899 in
1258 871 1377 900 certa-

90 925 113 941 “
130 918 232 954 mine
266 930 341 953 non
375 916 541 952 futurum
578 914 807 951 crediderit:
856 915 970 957 idem,
1007 923 1197 963 tamquam
1228 915 1266 951 in
1296 915 1378 952 aliis

90 970 303 1006 “omnibus
322 969 435 1005 rebus
468 967 621 1004 inferior
650 979 787 1012 essem,
818 967 863 1002 ad
898 967 1052 1003 sceleris
1082 980 1185 1016 spem
1206 968 1375 1004 ultimam
1395 980 1421 1004 15

92 1030 113 1046 ‘⁴
129 1021 347 1071 confugisse
368 1033 427 1056 me
448 1019 651 1055 insimulat.
709 1019 778 1054 Vis
798 1019 897 1054 hanc
918 1018 1115 1055 formulam
1149 1020 1377 1068 cognitionis

90 1082 111 1096 ‘⁸
127 1086 224 1120 esse,
244 1081 297 1119 ut,
318 1080 400 1109 uter
420 1072 599 1113 timuerit,
621 1084 668 1107 ne
689 1071 781 1107 alter
801 1071 950 1119 dignior
984 1071 1172 1108 videretur
1194 1085 1324 1121 regno,
1346 1072 1377 1108 is

90 1133 112 1148 “
128 1126 329 1163 consilium
349 1123 586 1173 opprimendi
606 1122 729 1159 fratris
749 1123 894 1171 cepisse
911 1123 1130 1171 judicetur'!

142 1230 259 1267 XIII.
291 1233 315 1253 “
332 1229 592 1277 Exsequamur
612 1235 738 1264 tamen
759 1240 997 1276 quocumque
1018 1228 1129 1265 modo
1150 1228 1302 1265 conficti
1322 1242 1379 1266 or-

91 1283 259 1320 “dinem
291 1281 473 1319 criminis.
541 1280 716 1317 Pluribus
751 1281 871 1317 modis
900 1293 940 1317 se
969 1281 1126 1329 petitum
1157 1281 1423 1319 criminatusm

91 1340 115 1359 “
131 1343 199 1381 est,
237 1342 275 1372 et
310 1347 442 1371 omnes
479 1333 701 1370 insidiarum
731 1333 808 1368 vias
838 1333 875 1369 in
915 1346 1033 1369 unum
1075 1333 1175 1370 diem
1206 1334 1376 1370 contulit.

91 1391 115 1411 “
132 1387 246 1425 Volui
271 1387 434 1424 interdiu
454 1398 555 1432 eum,
571 1392 652 1434 post
671 1385 942 1430 lustrationem,
963 1398 1078 1433 quum
1099 1386 1375 1433 concurrimus,

91 1445 116 1464 “
132 1447 170 1477 et
197 1440 349 1489 quidem
389 1439 437 1488 (si
475 1438 559 1474 Diis
586 1438 728 1488 placet)
773 1437 1036 1474 lustrationum
1079 1438 1140 1475 die
1169 1438 1376 1475 occidere:

90 1496 115 1516 “
132 1493 244 1536 volui,
274 1504 390 1540 quum
418 1491 465 1527 ad
494 1503 643 1527 coenam
674 1490 840 1533 invitavi,
870 1503 1017 1526 veneno
1045 1491 1192 1527 scilicet
1221 1490 1376 1527 tollere:

91 1548 115 1568 ‘⁴
133 1545 242 1588 volui,
263 1557 377 1592 quum
407 1543 649 1580 comissatum
679 1542 814 1591 gladiis
843 1542 1007 1578 accincti
1037 1555 1096 1578 me
1126 1543 1246 1579 secuti
1277 1550 1423 1588 sunt‚—25

92 1600 117 1620 ‘⁶
135 1597 231 1633 ferro
261 1595 486 1632 interficere.
543 1595 735 1643 Tempora
762 1594 915 1642 quidem
948 1595 1073 1642 qualia
1102 1595 1177 1631 sint
1197 1595 1242 1630 ad
1263 1595 1378 1643 parri-

91 1653 116 1672 “
133 1649 274 1686 cidium
288 1648 423 1690 electa,
438 1648 562 1684 vides:
597 1647 1198 1693 lusuS,convivii,comissationis.
1239 1646 1377 1686 Quid?

92 1704 116 1725 ‘⁶
133 1701 214 1737 dies
242 1700 390 1749 qualis?
437 1713 509 1748 quo
546 1699 722 1735 lustratus
760 1699 963 1745 exercitus,
991 1712 1064 1747 quo
1095 1700 1190 1736 inter
1220 1700 1378 1736 divisam

91 1757 115 1777 ‘⁶
133 1754 339 1799 victimam,
369 1752 531 1801 praelatis
564 1752 748 1794 omnium,
782 1751 844 1799 qui
866 1764 1030 1800 unquam
1051 1751 1167 1797 fuere,
1200 1752 1379 1788 Macedo—

91 1809 115 1829 “
132 1806 205 1842 niae
225 1818 357 1855 regum
378 1804 490 1841 armis
510 1804 636 1853 regiiS‚
657 1804 732 1840 duo
752 1804 819 1840 soli
839 1811 904 1840 tua
918 1811 1090 1853 tegentes
1110 1804 1238 1847 latera,
1260 1811 1376 1853 pater,
1391 1814 1423 1840 3ο

91 1862 116 1881 “
132 1858 307 1907 praevecti
327 1870 470 1900 sumus,
492 1864 529 1893 et
548 1863 722 1892 secutum
742 1864 799 1892 est
821 1856 1075 1893 Macedonum
1097 1869 1246 1905 agmen.
1291 1856 1377 1893 Hoc

91 1913 115 1933 “
131 1923 215 1959 ego,
235 1910 348 1946 etiam
370 1909 400 1944 si
432 1909 521 1956 quid
551 1910 639 1944 ante
671 1908 904 1944 admisissem
935 1908 1085 1956 piaculo
1114 1908 1284 1957 dignum,
1305 1907 1378 1944 lus-

91 1966 250 1999 “tratus
281 1969 319 1998 et
347 1961 517 2009 expiatus
546 1972 666 2002 sacro,
696 1967 774 1996 tum
808 1972 924 2007 quum
954 1959 1116 1996 maxime
1149 1960 1186 1996 in
1217 1960 1376 1996 hostiam

92 2014 258 2051 “itineri
283 2020 409 2050 nostro
439 2012 711 2049 circumdatam
734 2012 897 2053 intuens,
928 2012 1182 2060 parricidium¹
1214 2025 1374 2055 venena,

91 2070 116 2090 “
132 2067 290 2116 gladios,
321 2066 359 2102 in
389 2065 692 2102 comissationem
721 2071 958 2112 praeparatOS,
988 2064 1199 2101 volutabam
1231 2065 1267 2100 in
1298 2065 1422 2102 ani-35

92 2122 116 2142 “
134 2132 216 2155 mo:
247 2126 288 2155 ut
306 2118 442 2167 quibus
462 2117 544 2154 aliis
564 2117 701 2153 deinde
722 2116 839 2152 sacris
858 2116 1152 2153 contaminatam
1173 2117 1276 2153 omni
1297 2130 1378 2153 sce-

92 2171 210 2208 “lere
232 2178 398 2207 mentem
418 2170 636 2218 expiarem?
685 2169 760 2205 Sed
791 2181 916 2205 caecus
945 2169 1171 2205 criminandi
1193 2170 1378 2219 cupidita-

93 2226 169 2260 “te
199 2223 358 2268 animus,
393 2223 484 2258 dum
513 2222 641 2259 omnia
671 2228 845 2269 suspecta
874 2221 1024 2258 efficere
1055 2222 1143 2268 vult,
1174 2222 1274 2258 aliud
1304 2222 1377 2259 alio

93 2279 117 2298 “
134 2275 358 2312 confundit:
399 2287 498 2319 nam,
520 2275 549 2310 si
570 2287 716 2310 veneno
744 2281 780 2310 te
809 2274 905 2310 inter
934 2286 1081 2310 coenam
1112 2274 1240 2311 tollere
1262 2274 1374 2318 volui,

94 2331 119 2351 “
135 2328 223 2376 quid
245 2326 368 2363 minus
388 2330 514 2375 aptum
537 2326 617 2372 suit,
646 2325 758 2374 quam
790 2326 973 2374 pertinaci
995 2327 1201 2363 certamine
1221 2334 1259 2363 et
1287 2339 1375 2363 con·
1389 2338 1422 2362 40

94 2383 245 2417 “cursu
266 2379 400 2416 iratum
421 2387 457 2415 te
478 2379 641 2421 efficere,
664 2386 702 2414 ut
723 2377 854 2414 meritc,
889 2379 1003 2428 (sicut
1023 2379 1163 2429 fecisti)
1198 2379 1375 2416 invitatus

94 2433 182 2469 “ad
212 2445 359 2469 coenam
390 2431 609 2468 abnueres?
683 2430 815 2470 Quum
857 2439 981 2468 autem
1026 2431 1139 2468 iratus
1181 2433 1374 2482 negasseS‚
