1617 2765
534 157 671 188 LIBER
697 155 840 187 XXVII.
870 164 951 186 CAP.
969 165 1071 186 xmxr.
1397 158 1476 195 223

197 265 269 304 que
307 251 534 301 aliquamdiu
571 252 708 293 hostes,
746 249 870 286 citatis
897 249 1003 297 equis
1032 261 1168 297 agmen
1197 262 1347 288 suorum
1379 265 1477 289 asse-

197 313 372 355 quuntur.
428 303 584 346 Consul,
607 302 669 339 ubi
690 302 879 338 silentium
901 301 938 337 in
959 301 1104 347 castris,
1124 308 1161 337 et
1180 313 1228 336 ne
1240 314 1380 349 paucos
1396 305 1476 352 qui-

198 359 297 400 dem,
330 356 392 404 qui
418 355 535 404 prima
572 355 657 391 luce
689 354 1032 398 obambulaverant,
1066 359 1169 401 parte
1189 353 1265 389 ulla
1285 356 1474 402 cernebat,

197 410 343 446 duobus
362 407 550 455 equitibus
569 406 805 455 speculatum
828 406 865 441 in
897 413 1018 441 castra
1038 405 1251 453 praemissis,
1281 413 1475 454 postquam

168 461 286 498 5satis
318 466 397 496 tuta
424 458 553 495 omnia
571 471 652 495 esse
681 458 914 506 exploratum
947 465 1017 501 est,
1049 457 1176 493 inferri
1211 457 1319 505 signa
1335 458 1474 506 jussit:

197 511 414 559 tantquue
436 511 485 547 ibi
507 518 682 553 moratus,
705 510 793 545 dum
814 510 950 545 milites
981 509 1027 545 ad
1061 509 1224 557 praedam
1245 509 1475 557 discurrunt,

196 564 364 612 receptui
394 563 532 599 deinde
561 562 714 607 cecinit,
748 560 938 609 multoque
969 569 1055 597 ante
1084 568 1234 597 noctem
1264 562 1391 610 copias
1420 575 1476 599 re-

196 616 316 652 duxit.
374 615 527 652 Postero
547 615 607 651 die
630 613 750 663 prima
770 614 854 649 luce
876 613 1075 661 profectus,
1098 614 1244 662 magnis
1278 614 1475 651 itineribus

196 668 333 704 famam
363 674 400 703 et
429 667 585 715 vestigia
613 666 774 715 agminis
809 678 985 713 sequens,
1015 666 1115 701 haud
1144 666 1273 713 procul
1304 666 1476 703 Venusia

152 729 182 754 10
197 720 340 756 hostem
369 719 590 767 assequitur.
665 718 723 754 Ibi
752 730 898 765 quoque
928 717 1171 754 tumultuaria
1209 730 1335 767 pugna
1377 718 1475 755 fuit:

196 784 307 820 supra
326 772 401 807 duo
421 771 537 806 millia
557 771 756 807 Poenorum
777 782 885 806 caesa.
943 769 1038 805 Inde
1058 770 1252 806 nocturnis
1272 770 1476 807 montanis-

197 836 269 871 que
289 823 486 859 itineribus
506 823 658 865 Poenus,
679 835 726 858 ne
757 822 881 858 locum
912 822 1106 870 pugnandi
1140 822 1255 867 daret,
1278 821 1476 871 Metapon-

195 882 275 912 tum
295 876 410 923 petiit.
468 875 609 911 Hanno
630 874 716 910 inde
739 873 787 922 (is
806 874 907 910 enim
929 874 1101 922 praesidio
1133 874 1214 923 ejus
1241 874 1314 910 loci
1342 874 1477 923 praefu-

195 928 292 976 erat)
327 927 365 962 in
385 927 550 962 Bruttios
582 939 669 962 cum
698 926 829 973 paucis
862 926 908 961 ad
929 926 1136 961 exercitum
1161 939 1297 962 novum
1327 939 1478 975 compa-

153 989 183 1014 15
198 979 357 1015 randum
378 978 525 1014 missus.
584 976 791 1019 Hannibal,
812 977 931 1024 copiis
950 977 1031 1025 ejus
1051 977 1097 1012 ad
1118 990 1203 1013 suas
1223 978 1372 1024 additis,
1402 979 1477 1014 Ve-

196 1030 343 1067 nusiam
364 1037 473 1072 retro,
494 1029 629 1077 quibus
659 1036 810 1064 venerat
838 1028 1048 1071 itineribus,
1070 1029 1214 1077 repetit,
1250 1036 1359 1077 atque
1388 1029 1476 1066 inde

197 1082 406 1120 Canusium
428 1081 607 1130 procedit.
665 1080 870 1128 Nunquam
893 1080 996 1117 Nero
1021 1081 1187 1129 vestigiis
1220 1082 1336 1118 hostis
1367 1082 1478 1119 absti-

196 1140 313 1171 terat:
342 1141 379 1170 et
398 1133 450 1172 Q.
472 1133 659 1178 Fulvium,
680 1145 794 1180 quum
829 1132 1090 1180 Metapontum
1122 1133 1201 1181 ipse
1221 1133 1477 1181 proficiscere-

197 1193 267 1232 tur,
289 1186 326 1222 in
346 1185 535 1232 Lucanos,
556 1198 604 1222 ne
624 1185 727 1234 regio
755 1197 801 1221 ea
820 1184 901 1221 sine
921 1184 1094 1233 praesidio
1113 1192 1224 1229 esset,
1243 1185 1476 1223 arcessierat.

151 1305 184 1329 20
249 1291 399 1328 XLIII.
430 1291 534 1328 Inter
554 1291 635 1327 haec
655 1291 701 1327 ab
730 1290 980 1336 Hasdrubale,
1014 1297 1209 1339 postquam
1230 1304 1251 1327 a
1271 1291 1477 1328 Placentiae

196 1343 392 1380 obsidione
429 1343 622 1386 abscessit,
660 1350 817 1391 quatuor
865 1343 962 1379 Galli
991 1343 1147 1391 equites,
1181 1344 1256 1380 duo
1284 1343 1475 1390 Numidae,

197 1408 285 1432 cum
303 1396 420 1432 literis
440 1396 487 1431 ad
511 1395 767 1432 Hannibalem
802 1395 917 1438 missi,
947 1408 1061 1443 quum
1091 1408 1156 1444 per
1187 1396 1331 1432 medios
1352 1396 1477 1432 hostes

195 1454 311 1484 totam
331 1447 447 1483 ferme
466 1447 742 1496 longitudinem
762 1447 880 1483 Italiae
911 1448 1054 1484 emensi
1085 1455 1224 1491 essent,
1245 1448 1334 1484 dum
1356 1448 1478 1484 Meta-

197 1506 353 1548 pontum
373 1499 575 1536 cedentem
596 1499 852 1535 Hannibalem
873 1506 1092 1547 sequuntur,
1109 1500 1263 1536 incertis
1280 1500 1478 1535 itineribus

152 1564 185 1590 25
197 1551 409 1588 Tarentum
429 1551 556 1594 delati,
577 1564 599 1587 a
621 1551 724 1599 vagis
752 1564 817 1599 per
846 1563 954 1600 agros
983 1552 1263 1599 pabulatoribus
1292 1549 1478 1588 Romanis

198 1603 245 1639 ad
263 1603 316 1642 Q.
337 1603 540 1639 Claudium
560 1610 822 1651 propraetorem
844 1603 1094 1640 deducuntur.
1152 1603 1250 1640 Eum
1280 1602 1401 1652 primo
1422 1603 1478 1639 in-

198 1655 311 1691 certis
332 1654 567 1703 implicantes
586 1655 785 1703 responsis,
807 1662 848 1691 ut
867 1663 988 1691 metus
1014 1662 1285 1692 tormentorum
1304 1656 1478 1692 admotus

199 1706 305 1743 fateri
334 1719 420 1742 vera
448 1706 587 1755 coegit,
608 1707 854 1752 edocuerunt,
874 1707 1000 1743 literas
1028 1720 1068 1743 se
1097 1707 1143 1743 ab
1173 1707 1411 1743 Hasdrubale
1432 1707 1479 1743 ad

199 1758 455 1795 Hannibalem
493 1758 600 1795 ferre.
670 1758 769 1794 Cum
801 1758 846 1794 iis
873 1758 1002 1805 literis,
1032 1759 1130 1795 sicut
1158 1766 1277 1805 erant,
1306 1759 1479 1807 signatis,

154 1824 186 1850 30
199 1810 243 1848 L.
265 1810 438 1859 Virginio
459 1811 608 1847 tribuno
627 1810 786 1846 militum
808 1810 973 1846 ducendi
994 1811 1039 1847 ad
1061 1811 1264 1847 Claudium
1283 1810 1480 1848 consulem

198 1862 421 1899 traduntur:
469 1862 554 1898 duae
594 1862 705 1898 simul
744 1869 875 1898 turmae
914 1862 1141 1899 Samnitium
1171 1863 1334 1911 praesidii
1364 1862 1482 1899 causa

198 1914 333 1950 missae.
388 1913 470 1953 Qui
490 1913 553 1950 ubi
583 1914 630 1950 ad
659 1914 852 1950 consulem
874 1922 1136 1962 pervenerunt,
1156 1915 1346 1962 literaeque
1372 1914 1481 1951 leetae

199 1979 264 2015 per
285 1966 527 2015 interpretem
548 1973 648 2009 sunt,
677 1973 715 2002 et
734 1978 782 2001 ex
802 1966 958 2014 captivis
978 1967 1210 2014 percontatio
1230 1966 1355 2011 facta3
1402 1973 1481 2003 tum

201 2018 398 2064 Claudius,
418 2031 494 2054 non
515 2018 552 2054 id
572 2025 719 2066 tempus
738 2030 820 2054 esse
850 2018 1066 2066 reipublicae
1086 2026 1200 2062 ratus,
1221 2031 1293 2066 quo
1313 2018 1482 2055 consiliis

154 2069 400 2109 350rdinariis
418 2069 619 2118 provinciae
639 2082 716 2106 suae
742 2070 899 2118 quisque
933 2070 1071 2106 finibus
1090 2083 1154 2119 per
1183 2070 1373 2106 exercitus
1393 2083 1481 2107 suos

201 2134 288 2158 cum
318 2122 421 2158 hoste
454 2121 640 2158 destinato
668 2122 714 2158 ab
743 2129 876 2158 senatu
905 2122 1044 2158 bellum
1073 2129 1231 2171 gereret,
1262 2122 1481 2158 audendum

201 2173 340 2221 aliquid
362 2173 615 2222 improvisum,
634 2174 880 2222 inopinatum,
902 2174 1000 2222 quod
1020 2181 1185 2222 coeptum
1202 2187 1276 2211 non
1297 2174 1481 2211 minorem

202 2226 300 2274 apud
331 2225 431 2262 cives
468 2224 580 2273 quam
610 2226 734 2262 hostes
762 2233 940 2262 terrorem
978 2226 1130 2273 faceret,
1159 2233 1412 2275 perpetratum
1442 2226 1481 2262 in

202 2290 378 2325 magnam
398 2277 563 2313 laetitiam
584 2290 631 2314 ex
650 2291 787 2326 magno
807 2285 909 2314 metu
940 2285 1120 2323 verteret3
1163 2278 1280 2314 literis
1312 2278 1482 2314 Hasdru-

158 2329 296 2369 40balis
318 2329 480 2365 Romam
501 2329 547 2365 ad
567 2337 737 2366 senatum
758 2330 894 2376 missis,
925 2330 1035 2366 simul
1069 2337 1106 2367 et
1139 2331 1217 2379 ipse
1244 2330 1374 2366 Patres
1394 2341 1482 2365 con-

203 2381 373 2428 scriptos,
407 2381 495 2429 quid
524 2389 682 2428 pararet,
712 2382 858 2425 edocet,
890 2390 942 2428 ut,
975 2395 1089 2430 quum
1119 2383 1157 2419 in
1177 2382 1335 2419 Umbria
1354 2394 1392 2416 se
1421 2392 1483 2416 oc-

205 2445 402 2470 cursurum
439 2433 652 2470 Hasdrubal
684 2434 784 2471 fratri
816 2435 968 2478 scribat,
1003 2434 1189 2483 legionem
1211 2447 1231 2470 a
1252 2432 1384 2480 Capua
1404 2431 1483 2468 Ro-
