1638 2765
193 213 240 251 14
709 216 800 247 TITI
824 217 934 248 LlVII
1454 234 1470 249 ο

191 306 255 349 mi,
276 308 493 345 certaminis
512 309 590 346 fuit.
646 309 810 358 Utroque
831 311 987 348 coloniae
1007 313 1127 349 missae
1146 327 1153 350 z
1183 314 1306 362 plures
1332 315 1460 353 inven-

191 359 232 405 ti,
254 359 329 407 qui,
360 368 508 409 propter
539 362 744 398 ubertatem
775 371 894 409 terrae,
925 363 961 399 in
993 364 1277 403 Crustuminum
1308 367 1505 408 nomina?

191 411 345 448 darent:
376 420 413 448 et
441 413 604 449 Romam
635 414 722 449 inde
749 414 961 462 frequenter
981 416 1178 464 migratum
1199 426 1266 460 est,
1288 432 1308 455 a
1328 432 1459 467 paren·
1480 423 1497 450 9

191 462 290 499 tibus
309 464 470 500 maxime
492 477 536 500 ac
556 465 770 513 propinquis
798 474 996 514 raptarum.
1015 493 1021 499 -
1053 469 1307 506 Novissimum
1327 471 1373 506 ab
1393 472 1460 507 Sa·
1480 463 1504 487 ’ω’

191 514 289 550 binis
309 516 445 552 bellum
465 523 608 561 ortumg
630 517 818 566 multoque
847 519 883 554 id
904 519 1106 556 maximum
1128 521 1217 556 suit:
1246 522 1337 557 nihil
1359 523 1458 559 enim
1480 523 1496 550 ἲ

190 579 255 614 per
285 568 376 603 iram
397 575 460 604 aut
479 569 720 616 cupiditatem
752 578 876 606 actum
907 578 983 607 est:
1021 585 1093 608 nec
1122 573 1367 610 ostenderunt
1387 574 1461 610 bel·
1480 565 1504 616 Ξ

190 618 265 654 lum
286 619 399 666 prius,
421 619 532 667 quam
563 621 778 658 intulerunt.
835 623 1002 659 Consilio
1030 624 1142 660 etiam
1164 625 1312 661 additus
1340 618 1504 671 dolus}

191 670 255 718 Sp.
277 670 465 720 Tarpejus
483 672 668 709 Romanae
687 682 844 722 praeerat
862 675 950 711 arci.
1007 675 1131 724 Hujus
1153 676 1263 712 filiam
1278 677 1459 725 virginem

190 735 280 758 auro
299 724 502 772 corrumpit
521 724 668 769 Tatius,
682 732 722 761 ut
741 733 901 762 armatos
921 727 958 762 in
980 739 1102 763 arcem
1122 728 1304 776 accipiat:
1326 741 1458 776 aquarn

190 774 282 810 forte
303 787 347 811 ea
365 782 443 811 tum
465 777 580 812 sacris
599 784 703 812 extra
722 778 860 813 moenia
878 779 1033 826 petitum
1054 779 1157 815 ierat.
1215 781 1375 828 Accepti
1395 781 1459 817 ob·
1474 791 1503 815 10

188 833 309 862 rutam
331 827 443 863 armis
462 827 671 872 necavere3
701 841 766 864 seu
796 836 835 865 ut
856 830 887 866 vi
908 838 1017 878 capta
1035 830 1158 878 potius
1177 843 1242 867 arx
1261 832 1458 877 videretur,

190 890 255 914 seu
276 879 457 927 prodendi
477 879 637 928 exempli
658 881 786 923 eausa,
807 894 855 917 ne
875 882 961 929 quid
980 895 1134 930 usquam
1152 883 1266 919 fidum
1283 884 1460 931 proditori

189 938 298 966 esset.
355 931 520 968 Additur
550 931 696 975 fabulae‚
717 932 815 980 quod
844 933 956 982 vulgo
987 934 1117 970 Sabini
1138 947 1269 970 aureas
1299 935 1460 971 armillas

189 983 316 1031 magni
345 984 520 1031 ponderis
549 984 703 1020 brachio
731 985 835 1028 laem,
859 993 1138 1034 gemmatosque
1167 987 1305 1034 magna
1334 987 1459 1034 specie

189 1035 348 1071 annulos
378 1035 588 1078 habuerint,
609 1036 794 1085 pepigisse
814 1050 910 1080 eam,
931 1039 1027 1086 quod
1049 1038 1087 1073 in
1108 1038 1267 1074 sinistris
1287 1039 1459 1075 manibus
1473 1048 1504 1073 15

189 1086 393 1132 haberent;
423 1086 470 1124 eo
499 1096 606 1124 scuta
638 1088 689 1124 illi
719 1101 784 1137 pro
813 1089 935 1125 aureis
965 1090 1072 1126 donis
1102 1098 1292 1138 congesta.
1349 1091 1458 1136 Sunt,

188 1139 250 1186 qui
270 1151 365 1184 earn,
386 1152 432 1175 ex
450 1148 560 1188 pacto
587 1140 761 1176 tradendi
780 1141 877 1188 quod
911 1141 948 1177 in
979 1142 1136 1178 sinistris
1156 1142 1329 1178 manibus
1347 1150 1458 1185 esset,

188 1190 332 1227 directo
363 1204 466 1227 arma
494 1192 631 1240 petisse
661 1192 815 1237 dicant3
852 1200 900 1239 et,
925 1193 1054 1230 fraude
1085 1193 1201 1229 visam
1234 1206 1358 1242 agere,
1391 1194 1459 1230 sua

188 1242 306 1290 ipsam
326 1252 554 1292 peremptam
576 1244 763 1280 mercede.

240 1347 334 1384 XII.
364 1347 542 1385 Tenue—re
561 1356 686 1385 tamen
707 1361 833 1385 arcem
867 1349 1023 1385 Sabini:
1054 1356 1162 1397 atque
1195 1349 1282 1385 inde
1313 1356 1504 1398 posterom

188 1399 262 1446 die,
282 1412 396 1447 quum
418 1401 617 1437 Romanus
635 1402 823 1446 exercitus
843 1401 1059 1444 instructus,
1079 1401 1175 1449 quod
1209 1401 1305 1437 inter
1325 1401 1460 1437 Palati-

188 1464 277 1487 num
312 1452 640 1501 Capitolinumque
677 1453 809 1489 collem
846 1453 969 1501 campi
1005 1460 1073 1495 est,
1111 1452 1345 1501 complesset,
1382 1465 1457 1489 non

187 1504 287 1552 prius
306 1504 585 1541 descenderunt
614 1505 651 1541 in
684 1518 845 1553 aequum,
874 1504 1001 1552 quam,
1031 1505 1086 1540 ira
1113 1513 1151 1540 et
1178 1505 1383 1552 cupiditate
1405 1517 1460 1540 re-

188 1557 413 1604 cuperandae
433 1557 530 1592 arcis
561 1557 776 1593 stimulante
808 1557 964 1601 animos,
994 1557 1031 1592 in
1062 1557 1257 1592 adversum
1291 1556 1458 1592 Romani

188 1608 346 1644 subiere.
416 1608 611 1657 Principes
639 1609 824 1656 utrimque
853 1621 1015 1657 pugnam
1039 1608 1211 1652 ciebant3
1241 1608 1287 1643 ab
1309 1608 1503 1643 Sabinis25

188 1659 331 1696 Mettus
363 1660 528 1705 Curtius,
550 1661 596 1696 ab
628 1661 813 1697 Romanis
847 1661 988 1696 Hostus
1017 1660 1213 1696 Hostilius.
1271 1659 1347 1695 Hic
1380 1671 1458 1695 rem

188 1711 403 1748 Romanam
423 1713 551 1760 iniquo
570 1713 652 1749 loco
671 1713 717 1748 ad
736 1713 856 1761 prima
887 1713 995 1760 signa
1026 1712 1151 1748 animo
1170 1719 1278 1759 atque
1299 1711 1458 1747 audacia

188 1764 408 1801 sustinebat.
464 1765 514 1801 Ut
533 1765 675 1801 Hostus
694 1765 846 1810 cecidit,
866 1764 1063 1800 confestim
1097 1764 1272 1799 Romana
1301 1763 1460 1798 inclina-

187 1823 246 1852 tur
266 1817 390 1861 acies3
411 1817 564 1865 fusaque
584 1824 639 1853 est
655 1817 700 1852 ad
717 1824 879 1852 veterem
894 1823 1036 1864 portam
1058 1815 1200 1851 Palatii.
1259 1814 1456 1858 Romulus,

187 1874 224 1904 et
253 1868 331 1916 ipse
367 1869 476 1905 turbs
512 1869 737 1917 fugientium
774 1876 890 1911 actus,
924 1868 1100 1904 armaad
1137 1867 1273 1903 coelum
1310 1866 1455 1908 tollens,
1471 1880 1502 1904 :³0

189 1923 211 1939 “
229 1919 388 1968 Jupiter,
425 1921 541 1964 tuis‚”
579 1921 708 1968 inquit,
757 1921 913 1969 “jussus
951 1919 1079 1955 avibus
1124 1919 1186 1954 hic
1231 1919 1268 1954 in
1315 1917 1458 1954 Palatio

189 1972 347 2020 “prima
372 1973 453 2009 urbi
483 1973 727 2009 fundamenta
752 1972 840 2021 jeci.
896 1975 1036 2007 Arcem
1062 1971 1151 2019 jam,
1185 1970 1325 2006 scelere
1357 1982 1458 2017 emp-

189 2027 315 2068 “tam,
349 2025 480 2061 Sabini
518 2025 678 2061 habent:
720 2025 808 2061 inde
844 2024 919 2060 huc
951 2023 1095 2065 armati,
1125 2022 1297 2070 superata
1333 2021 1457 2057 media

189 2082 213 2098 “
229 2076 334 2122 valle,
367 2077 537 2113 tendunt.
603 2077 656 2113 At
684 2083 736 2122 tu,
770 2076 879 2112 Pater
905 2075 1025 2111 Deam
1057 2074 1338 2121 hominumque,
1368 2073 1457 2108 hinc

189 2128 358 2164 “saltem
395 2141 480 2165 arce
517 2129 662 2165 hostes:
707 2129 817 2164 deme
852 2135 1030 2163 terrorem
1067 2126 1276 2169 Romanis3
1317 2125 1503 2172 fugam-35

188 2186 300 2228 “que
330 2181 466 2217 soedam
496 2181 597 2217 siste.
654 2181 731 2217 Hic
763 2192 834 2228 ego
868 2179 934 2214 tibi
971 2178 1149 2226 templum
1187 2177 1324 2213 Statori
1359 2176 1456 2222 Jovi,

188 2238 212 2255 “
228 2233 325 2280 quod
347 2240 630 2269 monumentum
650 2233 697 2269 sit
721 2231 891 2280 posteris,
910 2231 974 2266 tua
993 2229 1165 2278 praesenti
1185 2241 1254 2277 ope
1274 2236 1456 2264 servatam

189 2285 360 2321 “urbem
391 2298 485 2330 esse,
522 2284 676 2321 voveo.''
733 2284 827 2320 Haec
855 2289 1041 2331 precatus,
1074 2282 1185 2318 veluti
1219 2281 1248 2316 si
1281 2280 1458 2316 sensisset

187 2337 333 2373 auditas
352 2350 495 2385 preces,
518 2344 541 2359 “
557 2336 698 2382 Hinc‚’'
720 2335 850 2383 inquit,
881 2338 903 2354 “
918 2334 1098 2376 Romani,
1118 2333 1264 2381 Jupiter
1280 2332 1457 2388 Optimus

188 2391 211 2408 “
228 2388 419 2425 Maximus
447 2389 617 2425 resistere
638 2396 746 2435 atque
776 2388 908 2423 iterare
940 2398 1105 2435 pugnam
1131 2385 1274 2434 jubet.'‘
1304 2388 1306 2390 '
1332 2384 1502 2420 Rest1-40

187 2447 264 2477 tere
285 2441 463 2484 Romani,
483 2449 670 2489 tamquam
691 2439 832 2475 coelesti
854 2451 943 2475 voce
968 2438 1084 2487 jussi:
1114 2438 1191 2485 ipse
1211 2437 1256 2473 ad
1279 2436 1457 2485 primores

188 2493 376 2531 Romulus
393 2493 568 2543 provolat.
627 2492 767 2528 Mettus
798 2491 951 2528 Curtius
971 2491 1017 2526 ab
1047 2490 1198 2526 Sabinis
1217 2489 1391 2538 prin-ceps
1410 2486 1456 2521 ab
