1617 2765
168 170 220 207 64
694 172 784 203 ΤΙΤΙ
808 173 919 204 LIVII

169 264 193 284 “
209 277 282 314 que
302 265 494 303 recidisse.
551 267 807 316 Nunquamne
844 269 974 317 ergo,''
1013 269 1144 318 inquit,
1179 272 1202 293 (ί
1220 271 1295 308 ulla
1314 272 1409 309 adeo
1429 285 1452 310 a

169 317 193 337 “
211 318 313 355 vobis
333 327 501 368 spectata
520 320 635 357 virtus
668 321 750 363 erit,
783 328 820 357 ut
851 321 1065 369 suspicione
1100 323 1225 360 violari
1255 327 1449 372 nequeat'!

169 369 192 389 “
211 369 292 419 Ego
312 384 372 407 me
392 372 495 408 illum
517 373 742 409 acerrimum
763 385 893 420 regum
916 374 1071 418 hostem,
1093 375 1214 422 ipsum
1235 377 1451 424 cupiditatis

169 421 194 443 “
211 423 316 471 regni
337 424 481 460 crimen
512 424 723 460 subiturum
753 424 954 460 timerem?
1011 425 1106 474 Ego,
1139 427 1170 462 si
1205 427 1241 463 in
1264 428 1344 476 ipsa
1364 442 1450 465 arce

168 475 193 494 “
210 474 470 523 Capitolioque
491 476 712 522 habitarem,
741 476 857 512 metui
888 489 947 512 me
977 478 1171 514 crederem
1192 492 1300 527 posse
1321 493 1342 515 a
1361 481 1451 516 civi·
1480 492 1496 516 5

170 530 191 548 “
210 526 278 563 bus
299 528 391 563 meis
409 529 423 563 Ἰ
471 536 545 563 tarn
583 528 653 564 levi
688 537 879 565 momento
916 541 1000 565 mea
1033 530 1131 578 apud
1166 543 1229 567 vos
1245 531 1343 567 sama
1362 545 1452 580 pen·
1498 550 1502 554 ·

170 580 193 599 “
210 579 301 615 det?
358 579 519 616 Adeone
539 588 595 616 est
615 580 770 616 fundata
790 580 919 617 leviter
953 581 1057 624 fides,
1090 590 1128 618 ut
1149 583 1211 618 ubi
1233 583 1316 626 sim,
1337 583 1450 631 quam

168 631 269 679 “qui
290 631 373 678 sim,
399 632 517 681 magis
537 633 701 669 referat?
758 633 845 669 Non
875 633 1078 669 obstabunt
1107 634 1147 670 P.
1175 635 1316 671 Valerii
1351 636 1451 672 aedes

168 685 190 704 “
209 683 370 720 libertati
393 692 533 729 vestrae,
554 684 728 723 Quirites
745 698 752 729 ;
782 692 862 720 tuta
881 685 951 721 erit
971 686 1074 721 vobis
1094 686 1214 722 Velia.
1272 687 1449 724 Deseram

167 737 190 756 c:
208 748 283 771 non
304 736 342 772 in
362 736 515 784 planum
537 735 647 773 modo
673 737 785 782 cedes,
806 737 871 772 sed
899 737 984 773 colli
1004 737 1116 773 etiam
1139 739 1335 787 subjiciam
1354 753 1362 775 ι
1411 747 1450 776 ut
1466 750 1494 775 10

166 789 190 809 “
208 800 270 823 vos
291 801 404 836 supra
423 795 639 836 suspectum
674 801 733 824 me
753 789 874 824 civem
897 788 1082 824 habitetis.
1140 789 1184 825 In
1208 791 1314 826 Velia
1336 792 1450 827 aedifi-

165 842 188 861 “
206 846 306 882 cent,
328 840 463 888 quibus
484 839 631 883 melius,
662 840 774 888 quam
804 840 845 876 P.
866 840 1031 886 Valerio,
1062 841 1228 878 creditur
1257 842 1448 879 libertas.''

166 891 301 928 Delata
321 892 520 928 confestim
542 892 698 928 materia
717 892 840 928 omnis
859 893 956 929 infra
976 892 1148 938 Veliam3
1191 901 1239 939 et,
1262 895 1325 931 ubi
1346 908 1448 932 nunc

169 944 372 993 Vicprotae
393 951 461 988 est,
483 945 616 981 domus
636 945 674 980 in
696 945 824 981 infimo
844 945 940 981 clivo
961 945 1158 982 aedificata.

217 1048 329 1087 VIII.
359 1048 463 1085 Latae
484 1049 622 1085 deinde
641 1049 756 1098 leges,
777 1063 852 1086 non
873 1050 991 1087 solum
1011 1063 1093 1099 quae
1115 1051 1218 1100 regni
1233 1052 1446 1100 suspicione
1462 1064 1492 1089 15

163 1102 358 1139 consulem
379 1102 630 1148 absolverent,
651 1103 716 1138 sed
736 1115 817 1150 quae
839 1103 934 1139 adeo
956 1103 993 1139 in
1015 1104 1243 1139 contrarium
1256 1111 1449 1150 verterent,

164 1161 204 1190 ut
225 1154 441 1203 popularem
460 1154 573 1189 etiam
596 1154 786 1190 facerent:
827 1155 915 1191 inde
945 1168 1156 1203 cognomen
1188 1155 1328 1192 factum
1350 1156 1448 1192 Pub-

164 1206 283 1242 licolae
303 1213 370 1242 est.
429 1206 530 1242 Ante
563 1219 708 1252 ornneS,
739 1206 786 1242 de
818 1208 1081 1254 provocatione
1116 1208 1292 1243 adversus
1313 1209 1448 1257 magis-

163 1265 280 1295 tratus
301 1258 347 1294 ad
368 1258 559 1306 populum,
593 1259 851 1307 sacrandoque
880 1272 967 1295 cum
1001 1259 1106 1296 bonis
1140 1259 1262 1307 capite
1282 1260 1363 1308 ejus
1382 1261 1445 1308 qui

162 1311 270 1359 regni
289 1310 503 1358 occupandi
523 1310 681 1346 consilia
701 1310 843 1356 inisset,
864 1319 979 1359 gratae
1000 1311 1038 1347 in
1060 1311 1191 1360 vulgus
1204 1311 1306 1360 leges
1327 1312 1443 1348 fuere.
1459 1327 1493 1359 ς·

162 1389 329 1399 .....
360 1363 456 1399 Haec
492 1369 575 1411 post
611 1370 764 1399 exactos
798 1376 906 1412 reges
943 1363 1042 1399 domi
1087 1363 1302 1411 militiaeque
1339 1372 1446 1413 gesta
1468 1384 1484 1400 n

161 1415 282 1463 primo
302 1428 412 1452 anno.
470 1415 565 1452 Inde
592 1414 632 1452 P.
654 1415 829 1452 Valerius
860 1416 1008 1460 iterum,
1040 1415 1089 1452 T.
1122 1415 1334 1460 Lucretius,
1355 1429 1445 1453 con·
1467 1423 1491 1471 ξ

161 1467 262 1504 sules
282 1467 382 1504 facti.
1467 1465 1482 1481 '⁹

214 1572 286 1609 IX.
325 1573 410 1610 Jam
439 1573 639 1622 Tarquinii
670 1574 716 1610 ad
747 1574 898 1611 Lartem
919 1574 1136 1617 Porsenam,
1158 1573 1358 1611 Clusinum
1389 1587 1444 1611 re·
1465 1583 1481 1611 i*

159 1637 258 1673 gem,
280 1625 544 1674 perfugerant:
576 1627 639 1673 ibi,
661 1627 858 1664 miscendo
874 1627 1073 1663 consilium
1095 1639 1313 1675 precesque,
1337 1639 1442 1663 nunc
1464 1626 1487 1680 2

159 1677 328 1719 orabant,
368 1681 391 1700 “
410 1691 457 1714 ne
488 1691 541 1724 se,
574 1680 753 1715 oriundos
773 1692 819 1715 ex
839 1679 1023 1721 Etruscis,
1054 1679 1223 1727 ejusdem
1245 1679 1442 1727 sanguinis
1463 1682 1488 1721 ,Ξ

158 1730 181 1750 ‘4
199 1730 448 1779 nominisque,
470 1737 626 1779 egentes
645 1731 816 1767 exsulare
835 1738 1024 1779 pateretur
1039 1744 1046 1767 z
1061 1731 1084 1747 ’⁹
1115 1743 1218 1767 nunc
1239 1732 1442 1768 monebant
1455 1726 1488 1735 ᾖ

157 1781 284 1825 etiam,
315 1783 340 1803 “
355 1795 401 1818 ne
421 1782 603 1819 orientem
625 1795 765 1819 morem
797 1783 960 1832 pellendi
980 1796 1088 1832 reges
1108 1783 1268 1819 inultum
1289 1783 1438 1819 sineret.

159 1836 181 1855 “
199 1834 299 1870 Satis
319 1834 527 1871 libertatem
549 1835 667 1882 ipsam
688 1836 826 1871 habere
846 1835 1071 1871 dulcedinis.
1140 1835 1226 1870 Nisi
1246 1835 1384 1882 quanta
1406 1835 1438 1871 vi

157 1887 181 1906 “
198 1886 368 1922 civitates
387 1899 470 1922 eam
491 1893 681 1934 expetant,
702 1888 807 1923 tanta
829 1899 945 1935 regna
964 1899 1072 1935 reges
1088 1886 1305 1929 defendant,
1320 1899 1439 1934 aequa-
1452 1904 1484 1928 30

156 1940 181 1959 “
198 1937 227 1973 ri
248 1950 395 1974 summa
414 1938 574 1974 infimis:
615 1938 706 1974 nihil
727 1939 932 1982 excelsum,
954 1938 1060 1980 nihil,
1082 1938 1179 1985 quod
1199 1950 1311 1986 supra
1330 1946 1439 1975 catte-

157 2003 198 2026 ra
217 1990 394 2037 emineat,
416 1990 454 2026 in
484 1989 700 2026 civitatibus
730 1990 818 2026 fore.
890 1990 1036 2025 Adesse
1070 1990 1185 2026 finem
1215 1991 1354 2038 regnis,
1384 1991 1437 2027 rei

156 2046 180 2064 ‘⁴
199 2042 296 2078 inter
335 2042 438 2079 Deos
475 2042 719 2090 hominesque
766 2041 1068 2090 pulcherrimae.'’
1142 2041 1319 2085 Porsena,
1357 2050 1436 2079 turn

157 2107 284 2143 regem
322 2107 404 2131 esse
441 2094 590 2137 Romae,
625 2101 703 2130 tum
742 2094 914 2130 Etrusoae
944 2093 1068 2142 gentis
1098 2105 1239 2142 regem,
1271 2095 1435 2142 amplum

157 2146 297 2182 Tuscis
317 2154 430 2192 ratus,
452 2146 615 2182 Romam
651 2146 785 2183 infesto
804 2145 971 2182 exercitu
994 2145 1106 2181 venit.
1162 2144 1250 2181 Non
1272 2158 1435 2194 unquam
1449 2164 1482 2188 35

156 2197 250 2234 alias
269 2199 354 2234 ante
376 2206 502 2235 tantus
534 2205 651 2235 terror
684 2206 855 2234 senatum
890 2198 1046 2233 invasit:
1094 2196 1189 2233 adeo
1223 2197 1344 2234 valida
1377 2212 1436 2235 res

156 2258 235 2286 tum
257 2249 416 2286 Clusina
444 2257 536 2293 erat,
569 2262 822 2299 magnumque
844 2250 1017 2286 Porsenae
1038 2261 1188 2285 nomen.
1245 2249 1330 2286 Nec
1353 2251 1436 2287 bos-

155 2309 212 2338 tes
242 2301 353 2337 modo
391 2302 588 2345 timebant,
626 2303 691 2338 sed
730 2309 898 2338 suosmet
936 2301 1003 2349 ipsi
1034 2302 1145 2344 cives,
1178 2313 1226 2336 ne
1260 2302 1436 2339 Romana

154 2353 272 2402 plebs,
294 2360 395 2390 metu
423 2354 605 2402 perculsa,
640 2354 800 2402 receptis
834 2354 871 2389 in
906 2354 1036 2389 urbem
1068 2353 1230 2401 regibus,
1262 2355 1317 2390 vel
1347 2367 1433 2391 cum

155 2406 332 2442 servitute
353 2418 486 2454 pacem
507 2407 708 2454 acciperet.
766 2405 888 2441 Multa
918 2405 1030 2453 igitur
1061 2406 1317 2442 blandimenta
1335 2406 1433 2454 plebi
1448 2423 1480 2448 40

154 2471 220 2506 per
241 2458 277 2494 id
293 2466 440 2507 tempus
461 2458 508 2494 ab
524 2466 656 2495 senatu
677 2459 785 2494 data:
825 2470 985 2494 annonae
1017 2457 1200 2506 imprimis
1230 2458 1352 2494 habita
1372 2470 1436 2494 cu-
