1617 2765
511 204 672 229 EPITOME
690 203 792 228 LIBRI
810 203 1006 228 TRICESIMI
1025 203 1188 228 SEP'HMI.

242 290 273 315 L.
287 290 459 315 Gonnum
473 288 566 320 Scipio
578 288 681 319 consul,
702 288 793 319 legnto
806 287 833 311 P.
848 287 971 318 Scipione
993 287 1123 321 Africano
1140 287 1197 318 (qui
1216 296 1242 312 se
1258 288 1372 320 legatum
1393 290 1482 316 fratris

209 322 326 348 futurum
336 323 450 352 dixerat,
467 321 490 345 si
503 321 527 345 ei
541 321 644 344 Graecia
654 320 792 351 provincia
803 320 1002 350 decerneretur,
1016 328 1096 351 quum
1109 320 1143 343 C.
1158 320 1252 349 Laelio,
1265 322 1310 352 qui
1324 323 1436 346 multum
1455 324 1482 347 in

208 358 430 386 senntupoterat,
443 361 473 377 eu
483 353 619 384 provincia
631 352 688 376 duri
702 352 857 382 videretur),
878 352 1012 382 profectus
1026 352 1057 375 ud
1072 351 1168 375 bellurn
1181 353 1306 377 advorsus
1320 355 1483 380 Antiochum

208 387 359 419 gerendum,
370 385 396 410 in
411 385 502 409 Asiam
519 385 617 416 primus
631 385 747 408 omnium
769 385 949 408 Romanorum
962 385 1059 408 ducum
1072 384 1189 415 trajecit.
1224 384 1350 409 AEmilius
1365 387 1483 418 Regillus

208 419 336 444 adversus
349 418 446 449 regiam
459 417 571 441 classem
585 417 711 441 Antiochi
725 416 838 441 feliciter
850 416 978 447 pugnavit
992 416 1023 440 ud
1038 416 1223 448 Myonnesum,
1236 417 1346 442 Rhodiis
1357 420 1485 450 adjuvan-

207 451 288 476 tibus.
326 449 412 474 Filius
425 449 558 480 Africani,
570 449 603 473 ab
618 449 750 473 Antiocho
763 453 866 479 captus,
881 448 949 479 patri
964 448 1087 472 remissus
1096 452 1147 472 est.
1184 449 1292 473 Munius
1307 450 1410 474 Acilius
1421 452 1485 475 Glu-

208 483 264 508 brio
276 483 308 507 de
322 482 466 512 Antiocho,
480 489 556 513 quem
576 482 680 506 Graecia
695 481 846 512 expulerat,
865 485 892 504 ct
907 481 938 504 de
952 481 1061 511 AEtolis‚
1075 481 1259 511 triumphavit.
1296 481 1377 506 Victo
1389 483 1484 508 deinde

208 515 343 540 Antiocho
355 522 370 538 a
384 514 416 538 L.
432 513 555 538 Cornelio
568 513 706 544 Scipione,
728 514 872 545 adjuvante
886 513 1002 537 Eumene
1025 521 1082 543 rege
1097 513 1229 545 Pergami,
1243 514 1330 538 Attuli
1350 515 1414 546 filio,
1433 523 1483 546 pnx

206 548 270 572 duta
282 551 324 572 est
335 547 368 571 ea
380 546 541 577 conditione,
555 550 584 570 ut
593 546 714 570 omnibus
723 545 865 576 provinciis
877 545 944 569 citra
956 545 1076 569 Taurum
1090 550 1205 570 montem
1219 546 1334 570 cederet.
1361 547 1484 579 Eumeni,

207 587 259 611 quo
268 579 380 611 juvante
395 578 544 603 Antiochus
559 578 646 602 victus
658 582 725 608 erut,
739 585 846 609 regnum
859 578 1027 608 ampliatum.
1062 578 1174 602 Rhodiis
1195 586 1310 610 quoque,
1331 579 1376 610 qui
1394 583 1420 603 et
1434 580 1483 610 ipsi

204 612 341 643 juverunt,
353 611 471 642 quaednm
486 610 609 634 civitates
621 618 755 634 concessae
801 610 914 634 Colonia
926 610 1040 634 deducta
1053 614 1093 633 est
1103 610 1233 634 Bononia.
1257 611 1383 635 AEmilius
1396 612 1486 643 Regil-

207 644 259 674 lus,
278 643 323 674 qui
346 642 485 673 praefectos
510 643 639 667 Antiochi
658 643 747 667 navali
770 642 916 666 certamine
938 642 1049 673 vicerat,
1072 643 1194 666 navalem
1213 642 1375 673 triumphum
1398 645 1484 669 duxit.

209 675 239 699 L.
253 674 391 699 Cornelius
415 674 516 706 Scipio,
529 675 574 707 qui
599 683 659 700 cum
681 675 816 699 Antiocho
839 674 1032 705 debellaverat,
1054 675 1208 706 cognomine
1227 674 1302 699 fratri
1320 681 1484 708 exaequatus,

206 707 344 732 Asiaticus
357 707 509 738 appellatus
524 711 573 732 est.
613 707 693 740 [er.
708 714 811 731 ι-ωι,
847 713 876 731 υ.
890 714 917 731 c.
931 707 1079 731 562-563.
1116 716 1144 732 A.
1158 715 1185 732 c.
1201 707 1289 732 190—
1301 708 1369 741 139]

493 896 642 933 LIBRI
672 896 964 934 TRICESIMI
993 896 1205 934 OCTAVI

698 1039 793 1070 CAP.
817 1038 845 1069 L
854 1056 896 1062 --
905 1039 997 1069 LIII.

521 1286 680 1309 Eprromz
698 1287 803 1308 L113R1
819 1287 1010 1310 TRICESIMI
1028 1287 1175 1309 OCTAvx.

238 1369 357 1395 Mxncus
370 1369 484 1394 Fulvius
496 1370 589 1395 consul
602 1370 629 1395 in
639 1370 721 1401 Epiro
734 1370 938 1396 Ambracienses
951 1371 1071 1396 obsessos
1084 1371 1110 1396 in
1123 1370 1285 1396 deditionem
1294 1372 1398 1404 accepit
1410 1382 1416 1405 ;
1434 1374 1483 1398 Ce-

203 1403 365 1434 phalleniam
379 1403 500 1434 subegit3
528 1403 627 1427 AEtolis
648 1403 799 1434 perdomitis
822 1411 916 1434 pacem
928 1404 1010 1428 dedit.
1045 1404 1095 1428 Cn.
1120 1403 1236 1428 Manlius
1259 1405 1361 1436 consul,
1379 1406 1483 1438 collega

202 1436 272 1467 ejus,
285 1435 462 1466 Gallograecos
475 1434 665 1467 Tolistobojos,
679 1440 706 1459 et
720 1435 894 1467 Tectosagos,
906 1440 933 1460 et
944 1436 1085 1466 Trocmos,
1098 1436 1142 1467 qui
1156 1436 1260 1460 Brenno
1271 1437 1339 1462 duce
1350 1439 1375 1462 in
1390 1439 1483 1463 Asiam

202 1467 376 1497 transierant,
389 1474 470 1498 quum
483 1467 532 1491 soli
551 1468 619 1492 citra
637 1467 757 1492 Taurum
777 1473 894 1493 montem
912 1476 963 1493 non
981 1473 1111 1499 parerent,
1130 1468 1205 1492 vicit.
1242 1469 1339 1494 Eorum
1359 1471 1444 1502 origo,
1456 1474 1483 1495 et.

202 1499 425 1531 quemadmodum
439 1506 471 1523 ea
485 1499 553 1530 loca,
567 1507 623 1530 quae
636 1504 737 1530 tenent,
751 1501 952 1532 occupaverint,
966 1501 1086 1525 refertur.
1121 1500 1280 1531 Exemplum
1289 1510 1391 1533 quoque
1401 1503 1484 1527 virtu-

202 1531 240 1556 tis
258 1535 286 1556 et
305 1531 440 1562 pudicitiae
460 1530 486 1554 in
507 1531 612 1556 soemina
629 1532 760 1563 traditum
790 1540 850 1556 nam
869 1541 947 1564 quum
967 1533 1142 1564 Ortingontis,
1161 1533 1232 1564 regis
1249 1534 1482 1566 Gallograecorum,

202 1571 272 1588 uxor
289 1563 396 1594 captiva
408 1566 489 1594 esset,
501 1564 682 1588 centurionem
695 1565 840 1595 custodem,
859 1565 904 1596 qui
922 1565 947 1589 ei
966 1565 1017 1589 vim
1031 1565 1166 1595 intulerat,
1179 1565 1287 1589 occidit.
1322 1566 1448 1591 Lustrum
1467 1575 1483 1591 a

203 1595 356 1620 censoribus
369 1595 506 1620 conditum
519 1599 578 1620 est:
597 1603 676 1620 censa
689 1599 750 1620 sunt
763 1596 861 1620 civium
875 1597 965 1628 capita
978 1598 1093 1621 ducenta
1112 1597 1305 1629 quinquaginta
1326 1603 1386 1623 octo
1398 1599 1483 1624 millia

203 1631 230 1652 et
243 1631 365 1652 trecenta
373 1627 468 1658 viginti
477 1632 548 1652 octo.
584 1628 653 1652 Cum
667 1628 822 1660 Ariarathe,
836 1637 896 1660 rege
908 1629 1095 1660 Cappadociae,
1108 1629 1228 1654 amicitia
1237 1631 1331 1661 juncta
1344 1635 1395 1656 est.
1431 1632 1482 1657 Cn.

205 1659 335 1690 Manlius,
348 1659 591 1684 contradicentibus
604 1661 696 1684 decern
710 1660 817 1692 legatis,
831 1669 863 1685 ex
876 1669 987 1693 quorum
998 1662 1109 1685 consilio
1120 1661 1200 1686 foedus
1210 1669 1270 1686 curn
1279 1663 1414 1688 Antiocho
1421 1671 1483 1688 con-

204 1697 357 1728 scripserat,
376 1697 408 1721 de
426 1696 610 1729 Gallograecis,
629 1699 691 1722 acta
708 1705 754 1729 pro
771 1705 800 1723 se
817 1700 899 1723 causa
917 1699 943 1723 in
961 1704 1067 1730 senatu,
1086 1699 1269 1730 triumphavit.
1304 1705 1337 1725 L.
1377 1697 1481 1735 Scipio

204 1734 381 1771 Africanus,
405 1735 455 1765 die
479 1736 507 1765 ei
531 1733 620 1766 dicta
644 1736 692 1775 (ut
717 1737 841 1774 quidam
867 1737 964 1772 aiunt,
991 1747 1008 1766 a
1025 1738 1064 1773 Q.
1084 1737 1206 1767 Petillio
1224 1739 1346 1768 tribuno
1370 1738 1482 1776 plebis,

203 1780 238 1806 ut
249 1776 387 1815 quidam,
401 1786 418 1806 a
430 1773 666 1816 Naevio)‚quod
685 1774 790 1816 praeda
806 1787 846 1807 ex
864 1778 1021 1808 Antiocho
1037 1775 1129 1816 capta
1145 1780 1284 1809 aerarium
1297 1776 1482 1815 fraudasset,

203 1822 372 1856 postquam
388 1818 413 1847 is
430 1819 496 1848 dies
513 1819 612 1854 venit,
629 1823 780 1848 evocatus
796 1819 828 1848 in
847 1818 971 1854 Rostra,
988 1822 1007 1836 “
1023 1820 1094 1849 Hac
1111 1820 1196 1855 die‚’'
1218 1821 1330 1859 inquit,
1346 1825 1366 1838 “
1381 1820 1482 1856 Quiri-

203 1863 224 1876 “
240 1863 301 1894 tes,
318 1859 541 1899 Carthaginem
555 1860 616 1889 vici
630 1870 637 1889 :
651 1860 670 1873 ”
695 1864 738 1895 et,
754 1865 964 1898 prosequente
990 1861 1117 1899 populo,
1135 1860 1324 1899 Capitolium
1348 1862 1480 1891 adscen-

203 1900 258 1930 dit.
305 1909 387 1929 ΜΠ.
413 1900 504 1935 Inde,
520 1909 560 1929 ne
577 1899 712 1939 amplius
727 1901 898 1930 tribuniciis
911 1902 1028 1941 injuriis
1043 1907 1218 1937 vexaretur,
1229 1904 1260 1932 in
1272 1903 1481 1932 voluntarium

203 1941 350 1971 exsilium
384 1941 547 1971 Liternum
582 1942 739 1971 concessit
757 1952 764 1972 :
802 1942 956 1971 incertum
988 1943 1041 1977 ibi,
1075 1952 1112 1972 an
1140 1943 1263 1978 Romae,
1286 1944 1455 1973 defunctus
1472 1954 1479 1974 :

202 1989 264 2006 nam
275 1981 334 2014 ejus
349 1985 546 2006 monumentum
559 1981 700 2013 utrobique
718 1981 780 2006 suit.
815 1981 848 2006 L.
863 1982 955 2013 Scipio
972 1983 1121 2014 Asiaticus,
1139 1982 1222 2008 frater
1240 1983 1372 2015 Africani,
1390 1984 1480 2009 eodem

202 2013 342 2044 peculatus
355 2013 465 2038 crimine
479 2018 623 2038 accusatus
647 2014 849 2046 damnatusque,
863 2022 944 2046 quum
965 2015 991 2039 in
1004 2015 1111 2040 vincula
1130 2019 1158 2039 et
1175 2023 1310 2040 carcerem
1329 2016 1480 2048 duceretur,

203 2045 249 2070 Ti.
263 2046 432 2077 Sempronius
443 2046 591 2076 Gracchus,
604 2046 724 2071 tribunus
742 2047 835 2078 plebis,
849 2047 893 2078 qui
906 2051 986 2072 antea
999 2047 1168 2079 Scipionibus
1189 2048 1312 2072 inimicus
1325 2048 1424 2079 suerat,
1442 2048 1482 2073 in-

203 2078 342 2115 tercessitj
358 2081 386 2102 et
394 2078 427 2102 ob
437 2078 636 2115 idheneficium
649 2078 770 2103 Africani
781 2079 862 2115 filia-m
876 2079 963 2104 duxit.
982 2080 1073 2105 Quum
1082 2083 1223 2111 quaestores
1237 2080 1261 2104 in
1273 2080 1340 2104 bonu
1349 2080 1407 2112 ejus
1416 2081 1481 2111 pub-

204 2110 255 2135 lice
268 2110 426 2141 possidenda
438 2118 512 2135 missi
525 2115 624 2142 essent,
633 2118 683 2135 non
697 2112 772 2136 modo
785 2111 810 2135 in
824 2112 856 2135 irs
870 2111 953 2136 ullum
968 2112 1110 2143 vestigium
1123 2112 1242 2142 pecunia:
1254 2112 1333 2144 regias
1345 2112 1480 2144 apparuit,

202 2143 250 2167 sed
263 2143 428 2174 nequaqnam
437 2146 541 2167 tantum
553 2143 698 2175 redactum,
719 2148 824 2175 quantae
835 2151 943 2168 summm
953 2150 1010 2169 erut
1021 2145 1172 2169 damnatus.
1208 2145 1343 2169 Collatum
1356 2152 1372 2169 a.
1384 2152 1480 2176 cogna-

202 2175 237 2199 tis
249 2179 276 2199 et
288 2175 382 2200 amicis
396 2174 614 2200 innumerabilem
626 2176 765 2207 pecuniam
778 2176 898 2207 accipere
913 2176 998 2201 noluit
1010 2185 1017 2201 ι
1028 2184 1084 2208 qum
1097 2177 1247 2201 necessaria
1256 2177 1281 2201 ei
1293 2181 1368 2202 erant
1380 2177 1412 2202 ud
1425 2177 1480 2202 cul-

203 2210 272 2239 tum,
285 2207 431 2239 redempte.
469 2207 551 2240 [On.
567 2215 576 2232 r
586 2221 619 2226 —
629 2215 676 2232 Lx.
692 2215 720 2234 u.
729 2217 757 2233 c.
767 2208 917 2234 563—565.
953 2217 981 2234 Α.
994 2216 1020 2233 c.
1034 2209 1195 2241 189—187.]

256 2382 301 2419 L.
359 2409 523 2419 .....
552 2382 594 2420 Ρ.
628 2383 798 2432 Scipioni
833 2384 1018 2422 Africano
1048 2384 1107 2434 (ut
1135 2384 1310 2422 Valerius
1342 2384 1479 2420 Antias

205 2441 334 2472 auctor
354 2438 427 2486 est)
448 2435 522 2472 duo
540 2434 593 2474 Q.
613 2435 751 2472 Petillii
773 2436 872 2473 diem
892 2436 1079 2474 dixerunt.
1135 2437 1192 2481 Id,
1222 2443 1330 2485 prout
1355 2435 1478 2484 cujus-
