1617 2765
122 196 201 236 208
661 197 752 228 'rm
776 196 888 229 mvn

124 295 202 328 “se
223 292 269 329 ad
290 291 438 330 Poenos.
486 292 672 341 Capuam,
693 293 790 341 quod
813 298 938 341 caput,
956 304 1031 329 non
1045 290 1266 340 Campaniae
1281 290 1405 336 modo,

123 347 148 367 “
161 345 241 388 sed,
261 352 344 394 post
363 345 538 382 afflictam
560 358 638 381 rem
674 345 888 382 Romanam
910 344 1106 381 Cannensi
1127 344 1266 394 pugna,
1288 343 1407 380 Italiae

123 398 148 419 “
161 397 220 441 sit,
243 397 451 434 Hannibali
472 410 512 434 se
532 397 742 434 tradidisse.
784 398 856 434 Pro
873 397 929 433 his
949 397 1061 434 tantis
1080 404 1207 445 totque
1227 396 1406 439 victoriis,

123 452 148 472 ‘⁶
161 461 290 487 verum
310 463 407 497 esse,
427 457 552 501 grates
572 449 665 486 Deis
686 450 958 487 immortalibus
978 450 1038 500 agi
1059 450 1300 498 haberique.'’

174 554 269 591 XII.
317 555 379 592 Ad
413 555 526 592 fidem
555 555 695 592 deinde
723 562 799 592 tam
829 555 998 592 laetarum
1028 567 1165 600 rerum,
1195 553 1340 590 effundi
1369 553 1407 591 in
1437 564 1454 590 5

121 607 306 645 vestibulo
339 608 454 645 curiae
481 607 593 656 jussit
622 608 782 644 annulos
811 621 964 653 aureos3
1011 608 1075 656 qui
1095 614 1222 644 tantus
1251 619 1409 643 acervus

122 658 203 703 fuit,
225 668 275 706 ut,
306 660 550 697 metientibus
579 660 778 696 dimidium
808 673 920 709 super
948 668 1023 697 tres
1053 660 1197 697 modios
1225 659 1408 708 explesse,

120 711 196 748 sint
215 713 367 761 quidam
388 720 572 749 auctores.
630 711 750 748 Fama
778 713 912 754 tenuit,
943 725 1026 760 quae
1054 712 1202 761 propior
1232 724 1319 749 vero
1338 719 1407 755 est,

120 763 221 800 haud
243 765 325 813 plus
346 765 460 802 fuisse
481 764 618 802 modio.
676 765 832 814 Adjecit
851 765 989 801 deinde
1011 765 1146 808 verbis,
1167 763 1239 812 quo
1260 765 1410 813 majoris

119 815 239 853 cladis
255 817 440 853 indicium
460 824 572 860 esset,
593 817 801 864 neminem,
832 816 905 853 nisi
925 816 1104 865 equitem,
1139 824 1250 865 atque
1279 829 1408 853 eorum
1428 828 1454 852 ιο

121 867 287 917 ipsorum
308 869 504 918 primores,
521 869 557 906 id
576 882 708 919 gerere
729 870 890 919 insigne.
949 870 1107 906 Summa
1128 869 1197 905 suit
1215 869 1407 913 orationis,

120 924 146 944 “
161 920 254 960 Quo
274 921 424 971 propitis
444 935 547 971 spem
570 922 657 958 belli
677 922 900 971 perficiendi
920 922 980 965 sit,
1011 921 1057 958 eo
1078 921 1198 971 magis
1217 921 1320 959 omni
1339 934 1409 970 ope

119 973 368 1023 “juvandum
389 975 646 1012 Hannibalem
667 987 774 1012 esse:
813 974 942 1023 procul
963 974 1066 1011 enim
1087 974 1134 1010 ab
1153 974 1266 1011 domo
1286 974 1410 1011 militi-

121 1028 146 1049 “
163 1038 222 1062 am
243 1039 339 1071 esse,
361 1028 399 1064 in
421 1028 545 1064 media
567 1027 729 1063 hostium
750 1028 847 1063 terra
865 1040 873 1062 :
922 1039 1099 1076 magnam
1121 1026 1194 1063 vim
1215 1027 1408 1074 frumenti,

119 1080 144 1101 “
160 1080 348 1127 peeuniae,
365 1080 512 1116 absumi
528 1092 536 1115 z
557 1087 595 1116 et
607 1086 660 1116 tot
676 1079 790 1123 acies,
808 1086 849 1116 ut
865 1079 1027 1116 hostium
1045 1079 1233 1116 exercitus
1249 1079 1408 1126 delesse,
1426 1090 1454 1114 15

119 1131 213 1167 “ita
233 1132 385 1169 victoris
413 1132 528 1169 etiam
562 1132 690 1180 copias
722 1139 826 1181 parte
859 1132 981 1180 aliqua
1002 1132 1196 1168 minuisse.
1254 1131 1410 1168 Mitten-

119 1184 145 1205 “
160 1183 249 1220 dum
271 1184 385 1232 igitur
405 1184 710 1233 supplementum
743 1197 839 1230 esse,
874 1184 1097 1220 mittendam
1118 1184 1156 1220 in
1177 1183 1409 1232 stipendium

119 1237 143 1257 “
159 1236 375 1284 pecuniam,
415 1236 735 1284 frumentumque,
773 1244 848 1273 tam
880 1237 976 1272 bene
1006 1236 1150 1272 meritis
1178 1236 1225 1272 de
1255 1235 1410 1273 nomine

120 1288 306 1326 “Punico
326 1289 549 1326 militibus.’'
607 1289 830 1326 Secundum
860 1289 943 1325 haec
976 1288 1081 1325 dicta
1107 1288 1286 1338 Magonis
1314 1289 1410 1326 laetis

117 1341 306 1387 omnibus,
338 1341 521 1385 Himilco,
555 1341 610 1378 vir
630 1341 806 1379 factionis
828 1341 1015 1387 Bareinae‚
1049 1341 1175 1378 locum
1204 1341 1408 1378 Hannonis
1422 1351 1455 1376 20

118 1391 342 1442 increpandi
362 1407 444 1431 esse
465 1401 579 1438 ratus,
601 1394 745 1434 “Quid
759 1402 829 1442 est,
846 1394 989 1431 Hanno
1006 1395 1020 1430 ”l
1035 1393 1058 1410 '’
1079 1394 1224 1443 inquit:
1254 1397 1279 1417 ‘⁶
1295 1394 1409 1431 etiam

117 1445 259 1483 “nunc
298 1447 456 1495 poenitet
492 1447 579 1484 belli
609 1447 775 1496 suscepti
806 1447 985 1484 adversus
1013 1446 1237 1484 Romanos?
1309 1446 1409 1483 Jube

117 1498 243 1536 “dedi
267 1499 547 1536 Hannibalem:
577 1507 662 1537 veta
681 1500 720 1536 in
741 1507 815 1537 tam
837 1499 1023 1548 prosperis
1045 1499 1158 1536 rebus
1180 1506 1306 1548 grates
1328 1499 1411 1535 Diis

117 1550 430 1588 “immortalibus
449 1552 510 1601 agi
528 1565 536 1589 :
566 1553 766 1589 audiamus
786 1552 1004 1589 Romanum
1025 1559 1236 1588 senatorem
1258 1551 1297 1588 in
1318 1551 1411 1588 Car-

117 1603 141 1625 “
154 1604 454 1652 thaginiensium
474 1604 618 1641 curia?
676 1604 781 1641 Tum
803 1605 945 1641 Hanno
963 1617 971 1641 z
1000 1604 1266 1640 “Tacuissem
1284 1604 1409 1648 hodie,
1423 1613 1456 1638 25

117 1655 289 1692 “Patres
318 1657 539 1706 conscripti,
570 1670 618 1693 ne
647 1657 750 1705 quid,
780 1657 818 1693 in
849 1656 1042 1694 communi
1063 1656 1233 1693 omnium
1257 1655 1410 1705 gaudio,

117 1709 142 1731 “
156 1708 286 1745 minus
306 1709 433 1746 laetum
453 1710 554 1758 quod
574 1717 674 1746 esset
694 1709 810 1756 vobis,
831 1709 1003 1758 loquerer
1020 1723 1028 1754 ;
1059 1721 1163 1745 nunc
1180 1709 1412 1758 interrogan-

117 1760 182 1797 “ti
202 1761 379 1807 senatori,
413 1761 647 1811 poeniteatne
685 1775 745 1798 me
774 1762 900 1798 adhuc
929 1761 1095 1810 suscepti
1124 1761 1303 1798 adversus
1331 1761 1411 1798 Ro⁴

117 1817 289 1851 “manos
319 1814 419 1860 belli,
441 1814 472 1850 si
493 1814 687 1858 reticeam,
709 1822 773 1851 aut
807 1815 991 1863 superbus
1023 1821 1087 1851 aut
1104 1814 1289 1851 obnoxius
1309 1814 1411 1850 vide-

117 1870 221 1911 “ar;
251 1879 409 1914 quorum
431 1867 589 1903 alterum
623 1874 679 1903 est
711 1867 875 1903 hominis
908 1867 1042 1903 alienae
1074 1867 1257 1903 libertatis
1288 1866 1454 1911 obliti,3o

117 1918 314 1955 “alterum
335 1931 424 1955 suae.
483 1919 753 1967 Respondeam
776 1919 890 1967 igitur
912 1919 1135 1961 Himilconi,
1167 1931 1243 1955 non
1263 1918 1408 1955 desisse

117 1970 338 2018 “poenitere
359 1983 419 2007 me
440 1970 540 2013 belli,
563 1983 686 2019 neque
706 1971 916 2007 desiturum
938 1971 1023 2006 ante
1042 1970 1223 2007 invictum
1243 1978 1407 2008 vestrum

117 2023 419 2071 “imperatorem
443 2023 631 2066 incusare,
671 2022 785 2070 quam
802 2022 949 2059 finitum
971 2023 1096 2070 aliqua
1116 2023 1299 2060 tolerabili
1321 2036 1409 2060 con·

117 2075 298 2112 “ditione
319 2075 458 2112 bellum
480 2075 629 2112 videro:
661 2088 734 2112 nec
754 2075 846 2111 mihi
867 2074 971 2123 pacis
992 2075 1155 2123 antiquae
1175 2076 1407 2113 desiderium

117 2134 142 2156 “
156 2127 232 2164 ulla
265 2128 338 2164 alia
366 2140 438 2174 res,
467 2127 581 2176 quarn
617 2140 691 2176 pax
724 2140 830 2173 nova,
867 2127 984 2164 finiet.
1043 2127 1175 2176 Itaque
1213 2128 1296 2175 ista,
1325 2138 1454 2177 quae35

118 2178 266 2216 “modo
311 2180 427 2229 Mago
463 2180 628 2230 jactavit,
669 2180 879 2216 Himilconi
919 2180 1140 2228 caeterisque
1179 2181 1408 2218 Hannibalis

118 2232 380 2269 “satellitibus
405 2233 482 2282 jam
513 2233 599 2269 laeta
627 2240 736 2269 sunt:
781 2232 873 2268 mihi
902 2240 1059 2281 possunt
1078 2233 1164 2270 laeta
1191 2247 1287 2281 esse,
1320 2234 1409 2283 quia

118 2293 143 2315 u
156 2297 215 2321 res
234 2284 333 2321 bello
353 2285 450 2321 bene
471 2292 598 2334 gestae,
621 2285 651 2321 si
671 2284 842 2321 volumus
876 2284 1026 2321 fortuna
1047 2285 1114 2328 uti,
1145 2299 1277 2335 pacem
1299 2286 1408 2323 nobis

118 2337 360 2385 “aequiorem
389 2338 555 2374 dabunt:
603 2350 691 2374 nam
729 2337 759 2373 si
790 2337 1110 2386 praetermittimus
1144 2339 1216 2376 hoc
1245 2346 1406 2388 tempuS,

119 2399 233 2438 “quo
253 2389 373 2438 magis
409 2390 499 2426 dare
529 2389 643 2437 quam
679 2389 852 2438 accipere
887 2403 1086 2438 possumus
1117 2391 1232 2428 videri
1260 2403 1404 2440 pacem,
1420 2401 1451 2426 4ο

118 2452 143 2474 cc
158 2454 300 2485 vereor,
323 2454 370 2478 ne
391 2442 473 2478 haec
493 2455 639 2491 quoque
660 2442 788 2478 laetitia
821 2443 984 2479 luxuriet
1003 2443 1124 2486 nobis,
1145 2456 1190 2480 ac
1210 2456 1305 2480 vana
1323 2455 1406 2479 eva-

119 2505 142 2529 ιι
156 2495 229 2532 dat.
286 2493 388 2535 Quae
409 2502 535 2532 tamen
556 2507 660 2532 nunc
679 2507 826 2544 quoque
841 2495 961 2544 qualis
981 2496 1062 2533 est?
1118 2498 1128 2518 ‘
1142 2496 1281 2534 Occidi
1301 2507 1404 2533 exer—
