1617 2765
135 151 214 189 270
664 146 754 177 T1T1
780 146 890 177 LIV11

136 248 160 269 “
176 252 290 282 noctu
311 250 562 304 sumpserunt.
618 241 725 282 Quid
756 242 802 279 dc
837 241 975 289 magna
1005 250 1107 289 parte
1128 242 1341 292 principum
1371 245 1423 282 lo-

136 301 161 320 ‘⁶
174 311 278 346 quar,
299 298 360 346 qui
383 298 419 334 in
451 295 637 333 Romanis
657 307 760 343 spem
791 306 941 330 omnem
972 293 1165 342 dignitatis
1198 303 1235 332 et
1266 296 1422 334 fortunae

137 353 394 399 “posuerunt
423 357 460 386 et
491 349 527 385 in
567 361 625 391 eo,
668 347 730 395 qui
759 346 887 382 onmia
907 327 1033 394 apud*³
1042 346 1238 384 Romanos
1267 357 1386 407 potest
1407 351 1421 385 ‘l

136 403 310 451 “Neque
345 401 574 451 (Herculei)
606 400 718 436 istum
747 398 836 434 mihi
867 398 1013 434 tantum
1044 399 1145 436 fratri
1184 400 1327 449 majori,
1357 402 1423 438 sed

137 455 288 504 “prope
318 462 387 498 est,
423 462 463 490 ut
496 453 562 488 tibi
599 464 746 500 quoque
785 450 867 499 ipsi,
897 451 976 499 regi
1006 459 1043 487 et
1071 452 1178 500 patri,
1210 453 1422 512 praa-ferant.
1453 469 1469 494 ⁵

136 507 252 544 “Iste
281 507 383 544 enim
404 514 472 548 est,
494 505 602 562 cujus
625 503 809 540 beneficio
830 516 979 552 posnam
999 504 1066 540 tibi
1093 513 1247 541 senatus
1267 507 1423 554 remisit,

136 560 237 608 “qui
261 572 362 596 nunc
383 567 418 595 te
440 558 486 594 ab
506 570 619 593 armis
642 556 827 593 Romanis
847 556 1017 604 protegit,
1038 557 1099 605 qui
1120 564 1221 593 tuam
1250 567 1424 596 senectu-

136 616 160 636 “
174 621 247 649 tem
269 612 472 661 obligatam
493 617 530 646 et
549 608 751 645 obnoxiam
772 609 1036 644 adolescentiae
1061 622 1138 645 suae
1172 622 1254 646 esse
1275 623 1424 659 aequum

136 668 160 688 “
174 672 316 701 censet.
346 643 446 700 ePro
467 663 536 699 isto
557 661 724 698 Romani
744 667 856 704 stant,
883 673 948 709 pro
968 661 1039 697 isto
1065 674 1198 698 omnes
1228 663 1340 700 urbes
1361 671 1425 700 tuo

136 722 160 740 ‘'-
176 717 332 766 imperio
351 717 530 760 liberatae,
561 727 627 763 pro
648 714 718 750 isto
747 712 994 759 Macedones,
1028 714 1090 761 qui
1119 727 1213 763 pace
1246 715 1469 755 Romanam

136 773 160 792 “
174 770 364 818 gaudent:
396 767 500 811 mihi,
521 774 655 816 praeter
674 773 723 812 te,
744 772 860 815 pater,
891 765 981 813 quid
1003 777 1157 814 usquam
1178 775 1242 804 aut
1261 768 1340 816 spei
1361 776 1425 806 aut

137 825 160 845 “
173 821 337 871 praesidii
358 829 413 857 est
432 822 445 856 Ἰ

188 926 261 963 XI.
318 925 445 966 “Quo
492 932 663 974 spectare
706 924 788 961 illas
829 923 956 960 literas
996 924 1042 960 ad
1081 931 1118 961 te
1157 938 1261 962 nunc
1292 926 1424 964 missas

134 979 224 1016 UT.
244 979 396 1018 Quintii
435 979 573 1021 credis,
607 978 756 1026 quibus,
788 985 825 1013 et
855 976 951 1012 bene
981 983 1017 1013 te
1047 978 1282 1015 consuluisse
1312 980 1424 1016 rebus

136 1035 159 1054 “
175 1031 261 1075 tuis,
282 1032 345 1078 ait,
365 1030 463 1079 quod
486 1030 723 1066 Demetrium
745 1030 909 1065 Romam
932 1028 1090 1076 miseris,
1125 1038 1162 1066 et
1186 1031 1367 1078 hortatur,
1384 1039 1468 1072 ut15

135 1087 159 1106 “
175 1084 323 1130 iterum,
361 1092 399 1120 et
435 1096 523 1119 cum
562 1082 732 1131 pluribus
762 1081 894 1130 legatis
923 1088 961 1117 et
989 1082 1214 1129 primoribus
1244 1083 1424 1121 Macedo-

136 1141 158 1159 “
174 1149 276 1181 num,
300 1136 466 1172 remittas
486 1135 601 1171 eum?
644 1134 692 1170 T.
705 1134 892 1173 Quintius
913 1146 1016 1169 nunc
1028 1141 1082 1169 est
1104 1142 1233 1171 auctor
1253 1137 1422 1173 omnium

136 1192 297 1225 “rerum
320 1188 378 1224 isti
398 1196 435 1224 et
464 1187 653 1236 magister.
712 1186 811 1222 Eum
845 1185 929 1231 sibi,
963 1193 998 1222 te
1032 1185 1207 1224 abdicato
1236 1195 1354 1236 patre,
1385 1190 1423 1226 in

135 1244 160 1264 ‘⁴
173 1241 297 1277 locum
319 1248 424 1277 tuum
445 1239 649 1276 substituit.
707 1238 791 1275 Illic
812 1246 897 1274 ante
919 1238 1047 1274 omnia
1080 1238 1317 1276 clandestina
1336 1254 1425 1278 con-

135 1296 161 1316 “
175 1301 284 1330 cocta
303 1300 390 1329 sunt
410 1293 578 1329 consilia.
635 1291 872 1331 Quaeruntur
892 1290 1080 1339 adjutores
1105 1293 1286 1336 consiliis,
1308 1306 1422 1342 quum
1437 1307 1469 1332 20

134 1349 208 1382 “te
228 1346 366 1395 plures,
395 1352 431 1382 et
462 1345 652 1394 principes
685 1344 956 1389 Macedonum,
986 1356 1073 1380 cum
1104 1344 1174 1381 isto
1194 1346 1340 1382 mittere
1365 1346 1424 1395 ju-

135 1399 248 1435 “bet.
314 1398 396 1438 Qui
431 1398 520 1434 hinc
558 1397 695 1447 integri
725 1404 762 1433 et
790 1396 929 1432 sinceri
958 1396 1124 1433 Romam
1153 1405 1255 1443 eunt,
1287 1398 1426 1447 Philip-

135 1456 262 1500 “pum
293 1464 422 1500 regem
452 1464 492 1487 se
523 1451 661 1487 habere
691 1449 904 1492 credentes,
935 1448 1069 1486 imbuti
1101 1450 1205 1487 illinc
1233 1458 1269 1487 et
1292 1451 1423 1488 infecti

135 1504 361 1541 “Romanis
380 1503 646 1540 delenimentis
672 1502 844 1539 redeunt.
901 1501 1118 1538 Demetrius
1151 1503 1195 1539 iis
1229 1515 1327 1539 unus
1346 1517 1424 1540 om—

135 1557 235 1593 “nia
255 1564 333 1593 est:
364 1569 449 1593 eum
467 1556 544 1605 jam
565 1568 707 1604 regem,
740 1555 821 1591 vivo
854 1562 971 1603 patre,
1006 1554 1206 1603 appellant.
1264 1556 1360 1592 Haec
1392 1556 1469 1594 si25

135 1612 159 1632 “
174 1608 363 1658 indignor,
384 1609 616 1645 audiendum
651 1616 708 1644 est
738 1607 876 1653 statim,
910 1619 985 1643 non
1019 1607 1066 1642 ab
1100 1607 1182 1643 aliis
1205 1607 1336 1653 solum,
1357 1609 1423 1646 sed

135 1665 159 1684 ‘⁶
174 1662 288 1698 etiam
309 1675 330 1698 a
349 1669 399 1707 te,
419 1669 536 1710 pater,
558 1660 776 1710 cupiditatis
806 1660 913 1708 regni
941 1659 1098 1695 crimen.
1157 1659 1239 1709 Ego
1273 1659 1371 1708 vero,
1392 1661 1423 1698 si

135 1718 158 1737 “
174 1714 211 1750 in
234 1714 358 1751 medio
379 1714 541 1763 ponitur,
563 1726 638 1750 non
659 1725 851 1762 agnosco:
894 1724 1004 1760 quem
1025 1712 1126 1748 enim
1158 1726 1226 1749 suo
1245 1713 1328 1750 loco
1348 1726 1425 1750 mo-

135 1770 159 1790 “
174 1779 254 1813 veo,
288 1775 330 1803 ut
363 1767 440 1816 ipse
471 1767 509 1802 in
540 1766 621 1815 ejus
651 1765 776 1802 locum
806 1765 1047 1801 succedam?
1106 1764 1212 1802 Unus
1246 1773 1332 1802 ante
1363 1779 1423 1802 me

135 1823 276 1868 “pater
309 1827 388 1856 est:
444 1826 492 1864 et,
528 1826 568 1855 ut
597 1819 661 1854 diu
682 1819 742 1861 sit,
775 1817 878 1854 Deos
907 1829 1008 1866 rogo.
1067 1818 1267 1866 Superstes
1299 1818 1354 1867 (et
1373 1826 1470 1855 lta30

134 1875 159 1895 cc
174 1871 257 1914 sim,
279 1872 309 1908 si
330 1871 514 1914 merebor,
536 1878 577 1908 ut
597 1871 674 1919 ipse
695 1883 754 1907 me
775 1883 858 1906 esse
888 1869 994 1920 velit)
1025 1870 1282 1907 haereditatern
1302 1871 1423 1919 regni,

135 1923 204 1959 “si
242 1931 345 1971 pater
391 1924 524 1968 tradet,
563 1923 761 1981 accipiam.
837 1922 950 1970 Cupit
987 1934 1161 1970 regnum,
1200 1930 1238 1959 et
1269 1923 1422 1970 quidem

135 1975 359 2013 “scelerate
380 1976 495 2024 cupit,
516 1976 578 2023 qui
613 1974 882 2011 transcendere
907 1973 1005 2009 festi·
1008 1982 1058 2010 lat
1085 1974 1257 2011 ordinem
1289 1975 1422 2022 aetatis,

135 2036 159 2052 “
174 2036 329 2072 naturae,
351 2029 465 2066 moris
482 2028 753 2071 Macedonum,
770 2026 865 2075 juris
884 2026 1068 2074 gentium.
1124 2029 1133 2048 ‘
1151 2027 1290 2064 Obstat
1311 2029 1423 2065 frater

135 2081 303 2130 “major,
342 2082 388 2118 ad
425 2093 538 2130 quem
581 2080 680 2129 jure,
718 2079 906 2115 voluntate
943 2078 1057 2115 etiam
1094 2080 1221 2128 patris,
1261 2091 1468 2129 regnumss

135 2134 347 2182 “pertinet.
416 2134 612 2170 Tollatur:
660 2145 734 2168 non
767 2132 909 2180 primus
939 2144 1099 2179 regnum
1130 2132 1293 2169 fraterna
1316 2133 1422 2169 caede

136 2187 323 2234 “petiero.
386 2187 498 2223 Pater
514 2198 644 2232 senem
678 2193 714 2221 et
736 2184 812 2221 filio
831 2183 931 2220 solus
959 2184 1125 2228 orbatus,
1156 2185 1202 2221 de
1233 2198 1272 2221 se
1303 2186 1423 2234 magis

133 2241 156 2261 “
171 2238 331 2281 timebit,
365 2238 475 2288 quam
509 2246 548 2274 ut
581 2238 645 2274 filii
679 2249 812 2274 necem
848 2236 1062 2274 ulciscatur.
1120 2237 1286 2274 Romani
1323 2237 1423 2274 laeta-

135 2291 328 2334 “buntur‚
364 2291 589 2341 probabunt,
623 2289 829 2326 defendent
860 2289 1026 2326 factum.’
1084 2289 1156 2326 Hae
1188 2303 1273 2339 spes
1301 2290 1423 2327 incer-

135 2351 232 2388 “tae,
255 2353 372 2392 pater,
403 2344 469 2380 sed
503 2356 578 2380 non
609 2343 742 2379 inanes
767 2349 877 2378 sunt:
926 2342 977 2378 ita
1009 2342 1111 2379 enim
1142 2355 1182 2379 se
1204 2350 1262 2379 res
1283 2343 1466 2380 habetne

135 2396 386 2445 “periculum
408 2397 491 2433 vitae
523 2396 730 2444 propellere
763 2407 784 2431 a
818 2407 877 2430 me
910 2402 1028 2443 potes,
1049 2395 1241 2444 puniendo
1261 2408 1338 2442 eos,
1358 2394 1421 2443 qui

135 2456 159 2473 “
175 2449 220 2486 ad
242 2461 301 2486 me
322 2449 627 2486 interficiendum
659 2448 795 2484 ferrum
828 2455 1094 2496 sumpserunt:
1132 2448 1163 2485 si
1183 2447 1338 2485 facinori
1362 2460 1423 2485 eo·
