1617 2765
600 482 750 521 LIBRI
781 482 947 521 SEXTI

562 617 657 650 CAP.
679 618 741 650 XI.
765 618 899 650 le—
909 617 986 649 XX.

564 925 730 946 EPlTOME
747 925 852 946 LIBRI
870 924 983 946 SEXTI-

162 1008 221 1034 Res
235 1009 361 1034 adversus
374 1008 487 1034 Volscos
500 1012 528 1034 et
540 1008 643 1041 AEquon
655 1013 682 1033 et
692 1008 866 1034 Praenestinos
879 1008 1005 1041 prospere
1018 1010 1110 1040 gestas
1124 1007 1255 1035 continet.
1291 1007 1413 1035 Quarum

129 1048 212 1074 tribus
225 1049 321 1074 additas
341 1053 414 1081 sunt,
433 1049 589 1082 Stellatina,
611 1050 752 1081 Sabatina,
776 1049 963 1080 Tromentina,
983 1048 1133 1073 Arniensis.
1188 1050 1237 1072 XI.
1259 1051 1330 1079 XIV,
1354 1042 1414 1072 &c-

128 1097 182 1118 xx.
206 1089 252 1119 M.
268 1089 420 1126 Manlius,
451 1091 504 1129 qui
533 1091 723 1129 Capitolium
746 1099 763 1119 a
787 1089 884 1120 Gallis
907 1089 1101 1124 defenderat,
1125 1096 1223 1128 quum
1246 1083 1414 1114 obstrictos

131 1140 193 1161 aere
209 1131 312 1161 alieno
329 1131 485 1166 liberaret,
501 1141 601 1162 nexos
617 1132 809 1166 exsolveret,
832 1132 961 1161 crimine
977 1131 1115 1160 affectati
1131 1127 1218 1169 regni
1236 1126 1416 1171 damss81992

131 1172 170 1201 de
186 1181 262 1202 saxo
286 1173 420 1212 Tarpejo
437 1173 580 1212 dejectus
606 1177 675 1203 est:
713 1173 744 1202 in
769 1172 861 1212 cujus
877 1177 984 1203 not-am
1001 1168 1333 1202 senatus-consultum
1350 1172 1414 1195 tac-

129 1217 196 1242 tum
213 1218 272 1249 est,
287 1223 328 1243 ne
345 1215 395 1244 cui
412 1215 451 1244 de
469 1211 589 1245 Manlia
604 1219 700 1255 gente
717 1214 826 1244 Marco
844 1223 1024 1254 cognomen
1041 1218 1136 1244 esset.
1181 1215 1213 1240 C·
1233 1212 1355 1238 Licinius
1375 1216 1405 1237 et

128 1253 162 1277 L.
176 1253 286 1278 Sextius
300 1254 400 1279 tribuni
414 1255 499 1286 plebis
510 1255 596 1287 legem
608 1255 823 1287 promulgarunt,
836 1259 866 1280 ut
879 1254 1000 1280 consules
1014 1254 1096 1279 etiam
1109 1261 1141 1279 ex
1162 1252 1238 1284 plebe
1251 1253 1355 1284 fierent,
1370 1252 1415 1284 qui

130 1294 163 1310 ex
177 1286 299 1311 Patribus
309 1287 484 1312 creabantur:
515 1296 627 1320 eamque
650 1288 734 1320 legem
755 1295 816 1312 cum
828 1289 924 1319 magna
937 1287 1118 1317 contentione,
1140 1286 1349 1318 repugnantibus
1368 1285 1416 1310 Pa-

129 1318 225 1350 tribus,
237 1327 317 1351 quum
327 1320 408 1344 iidem
418 1320 518 1345 tribuni
531 1320 616 1352 plebis
627 1328 671 1351 per
684 1320 896 1352 quinquennium
909 1319 960 1344 soli
970 1319 1146 1351 magistratus
1159 1318 1284 1349 fuissent,
1298 1317 1416 1349 pertule-

129 1355 190 1375 runt
202 1360 209 1382 3
227 1356 254 1376 et
268 1352 367 1383 primus
381 1360 413 1377 ex
422 1353 500 1384 plebe
513 1353 606 1378 consul
618 1353 651 1378 L.
665 1353 774 1377 Sextius
786 1357 892 1378 creatus
902 1356 953 1378 est.
989 1352 1060 1377 Lata
1073 1356 1115 1377 est
1126 1356 1154 1377 et
1164 1351 1249 1377 alters
1261 1351 1316 1382 lex,
1327 1358 1359 1375 ne
1371 1350 1416 1375 cui

129 1383 187 1414 plus
200 1384 355 1443 qggngeggis
363 1385 516 1451 ]jugeribus
537 1386 594 1418 agri
619 1385 713 1411 liceret
733 1385 881 1417 possidere.
927 1385 1010 1419 [Car.
1025 1392 1061 1410 ι-
1070 1392 1147 1410 uu.
1183 1391 1212 1410 υ.
1222 1391 1247 1410 c.
1259 1384 1307 1409 365
1316 1396 1348 1402 -··
1357 1383 1415 1408 388.

130 1424 157 1440 A.
167 1423 190 1441 c.
204 1418 209 1424 ·
260 1431 293 1436 -
335 1419 359 1443 4.

182 1543 254 1580 ΧΙ.
312 1574 320 1582 .
351 1559 360 1582 ε
390 1572 400 1581 .
430 1572 439 1582 .
471 1573 479 1582 .
526 1546 649 1583 Grave
687 1545 828 1582 bellum
855 1545 955 1589 foris,
984 1545 1130 1594 gravior
1149 1544 1252 1581 domi
1281 1543 1415 1581 seditio

130 1606 284 1634 exorta:
314 1597 852 1647 bellumavolsois,adjunetf1
882 1597 1102 1634 Latinorum
1134 1604 1243 1645 atque
1277 1596 1416 1633 Herni-

129 1659 260 1686 corum
290 1650 529 1694 defectione3
576 1650 724 1694 seditio,
763 1650 864 1686 unde
893 1650 1049 1686 minime
1079 1649 1203 1685 timeri
1233 1649 1364 1697 potuit,
1394 1660 1416 1684 a

129 1701 296 1748 patriciae
315 1702 440 1751 gentis
461 1702 537 1739 viro
556 1710 595 1739 et
614 1702 764 1751 inclytae
786 1702 905 1748 famae,
935 1702 989 1738 M.
1012 1701 1157 1738 Manlio
1177 1701 1413 1750 Capitolino;

128 1753 205 1799 qui,
226 1753 366 1790 nimius
386 1754 515 1798 animi,
537 1767 653 1803 quum
683 1755 774 1791 alios
806 1754 999 1803 principes
1028 1760 1234 1802 sperneret,
1265 1766 1330 1790 uni
1362 1753 1416 1789 in-

129 1803 285 1852 videret,
305 1807 444 1843 eximio
463 1807 573 1843 simul
606 1807 810 1844 honoribus
830 1814 940 1855 atque
960 1806 1172 1848 virtutibus,
1194 1805 1249 1842 M.
1272 1805 1388 1841 Furio
1405 1817 1413 1849 ;

129 1856 229 1905 aegre
247 1858 402 1901 ferebat,
423 1860 448 1880 “
465 1859 585 1895 solum
605 1872 692 1895 eum
713 1859 751 1895 in
772 1859 1064 1907 magistratibus,
1095 1858 1212 1894 solum
1234 1857 1333 1905 apud
1353 1869 1415 1893 ex-

129 1910 152 1929 “
167 1909 309 1946 ercitus
328 1923 432 1955 esse;
463 1910 607 1947 tantum
624 1911 700 1959 jam
721 1911 902 1953 eminere,
924 1918 964 1946 ut
983 1911 1116 1946 iisdem
1137 1909 1315 1957 auspiciis
1335 1921 1415 1945 cre-

128 1961 153 1982 “
166 1968 258 2005 atos,
276 1975 352 1999 non
372 1975 439 2011 pro
457 1962 624 2011 collegis,
645 1962 711 1998 sed
732 1975 797 2010 pro
817 1962 997 1998 ministris
1017 1962 1179 2005 habeat3
1225 1973 1340 2009 quum
1361 1961 1416 1997 in-

1427 1554 1459 1597 ’.ὅ

1436 1611 1454 1639 9

1436 1651 1461 1666 ω

1436 1667 1460 1699 3

1436 1744 1452 1760 >

1437 1787 1454 1803 ἢ

1436 1827 1460 1859 Ξ

1435 1860 1460 1883 30

1427 1891 1461 1900 2..

129 2014 153 2035 “
167 2013 291 2057 terim,
313 2014 343 2051 si
362 2014 444 2063 quis
464 2014 551 2050 vere
585 2014 769 2050 aestimare
798 2014 899 2060 velit,
933 2026 954 2050 a
987 2013 1042 2049 M.
1064 2013 1180 2050 Furio
1200 2013 1413 2062 recuperari
1430 2029 1460 2054 10

128 2066 287 2114 “patria
306 2079 353 2103 ex
371 2067 568 2103 obsidione
599 2066 761 2103 hostium
782 2079 857 2102 non
886 2065 1060 2114 potuerit,
1091 2065 1163 2101 nisi
1193 2077 1215 2101 a
1243 2078 1282 2102 se
1311 2066 1415 2114 prius

128 2119 153 2141 “
167 2118 397 2167 Capitolium
417 2126 528 2168 atque
548 2131 615 2155 arx
636 2125 781 2155 servata
799 2125 899 2154 esset
916 2131 924 2154 ε
944 2125 982 2154 et
994 2118 1069 2164 ille,
1083 2117 1180 2154 inter
1200 2130 1334 2154 aurum
1353 2130 1416 2154 ac-

128 2172 153 2193 “
168 2170 387 2219 cipiendum
407 2179 444 2208 et
463 2184 568 2220 spem
587 2171 692 2220 pacis
720 2170 850 2207 solutis
884 2170 1033 2216 animis,
1067 2170 1195 2206 Gallos
1215 2182 1415 2218 aggressus

129 2225 154 2246 “
168 2222 240 2267 sit3
271 2223 349 2271 ipse
371 2231 532 2260 armatos
552 2223 819 2272 capientesque
841 2235 967 2258 arcem
987 2222 1172 2271 depulerit
1189 2235 1197 2258 ε
1229 2223 1327 2259 illius
1339 2222 1416 2271 glo-

129 2278 154 2299 “
168 2275 232 2311 riae
251 2287 337 2323 pars
357 2276 473 2312 virilis
492 2276 591 2324 apud
610 2287 742 2312 omnes
776 2274 913 2311 milites
932 2275 991 2321 sit,
1012 2275 1074 2323 qui
1095 2275 1204 2311 simul
1226 2274 1386 2311 vicerint
1402 2287 1413 2318 3
1430 2289 1460 2315 15

128 2330 243 2364 “suae
271 2327 436 2365 victoriae
457 2328 649 2364 neminem
681 2327 849 2364 omnium
880 2327 1091 2363 mortalium
1118 2327 1262 2363 socium
1291 2327 1413 2363 esse.”

130 2380 203 2419 His
222 2379 464 2428 opinionibus
496 2379 626 2416 inflato
647 2379 785 2422 animo,
819 2379 865 2415 ad
897 2379 968 2415 hoc
989 2379 1077 2416 vitio
1103 2391 1249 2427 quoque
1270 2378 1413 2427 ingenii

130 2433 335 2470 vehemens
354 2440 391 2469 et
411 2432 609 2480 impotens,
629 2441 823 2479 postquam
858 2431 954 2467 inter
974 2431 1103 2468 Patres
1122 2444 1212 2477 non,
1231 2429 1413 2479 quantum

131 2496 280 2535 aequum
299 2484 491 2528 censebat,
512 2484 697 2521 excellere
717 2496 803 2520 suas
822 2496 912 2533 opes
931 2484 1195 2521 animadvertit
1211 2496 1220 2528 3
1250 2482 1413 2533 primum
