1638 2765
557 187 695 218 LIBER
720 186 745 216 Ι.
791 195 871 216 οΑΡ.
890 195 982 215 xxix.
1361 180 1417 218 29

132 281 156 302 “
173 293 301 330 arguo,
320 282 490 319 omnium
510 282 747 319 Albanorum
767 288 845 318 est:
876 281 1013 316 ducem
1034 277 1155 314 secuti
1176 285 1286 319 sunt;
1318 284 1357 313 ut
1377 285 1410 312 et

133 334 156 354 ‘⁴
174 346 250 377 vos,
271 335 302 371 si
321 334 395 382 quo
415 348 487 384 ego
507 335 594 371 inde
609 347 745 383 agmen
767 333 958 370 declinare
979 331 1193 369 voluissem
1216 306 1410 365 fecissetis.

133 385 316 422 “Mettus
336 387 397 423 ille
427 394 483 424 est
513 388 645 424 ductor
666 386 811 423 itineris
841 385 964 434 hujus,
997 383 1140 419 Mettus
1171 382 1270 418 idem
1304 381 1413 429 liujus

132 438 156 458 “
173 438 407 476 machinator
418 440 518 483 belli,
538 439 682 476 Mettus
696 438 849 475 foederis
861 436 1028 474 Romani
1039 434 1259 494 ’Albanique
1274 441 1413 481 ruptor.

104 490 156 525 5“
174 489 327 527 Audeat
345 492 484 528 deinde
504 492 592 529 talia
612 492 719 534 alius,
744 491 815 527 nisi
836 491 874 527 in
906 490 1008 525 hunc
1038 488 1186 536 insigne
1203 487 1280 535 jam
1302 487 1417 522 docu-

133 543 342 579 “mentum
376 545 594 581 mortalibus
623 543 800 580 dedero.”
872 541 1126 579 Centuriones
1156 539 1287 575 armati
1319 538 1416 575 Met-

132 601 212 631 tum
249 595 532 633 circumsistunt
551 610 559 634 :
620 609 686 632 rex
722 603 871 641 caetera,
910 601 951 630 ut
986 606 1093 630 orsus
1130 599 1221 637 erat,
1259 591 1415 640 peragit.

133 646 288 686 “Quod
323 648 477 695 bonum,
509 649 685 694 faustum,
717 648 882 696 felixque
913 647 960 682 sit
996 645 1132 695 populo
1164 645 1341 680 Romano
1372 656 1417 680 ac

133 700 156 720 “
174 699 278 745 mihi,
299 701 491 749 vobisque,
523 701 683 745 Albani3
723 700 900 749 populum
931 711 1082 735 omnem
1115 697 1308 734 Albanum
1340 696 1418 732 Ro-

91 753 157 784 10“
174 764 272 788 mam
294 753 492 790 traducere
514 754 551 790 in
582 753 708 790 animo
727 760 805 797 est;
846 752 1039 788 civitatem
1073 750 1161 786 dare
1182 749 1305 798 plebi;
1345 749 1418 797 pri-

134 806 158 826 “
176 816 298 841 mores
317 805 356 841 iu
377 805 506 842 Patres
526 806 675 854 legere;
706 818 821 841 unam
842 805 987 847 urbem,
1009 815 1122 839 unam
1145 801 1418 850 rempublicam

135 858 159 878 “
180 856 316 894 facere.
373 857 423 894 Ut
442 871 489 894 ex
509 871 584 894 uno
603 858 792 906 quondam
814 857 852 893 in
872 857 966 892 duos
986 855 1141 904 populos
1162 854 1281 890 divisa
1302 854 1419 889 Alba-

135 911 159 931 “
175 922 224 945 na
244 922 303 945 res
322 917 391 953 est,
412 911 467 946 sic
496 923 600 946 nunc
634 910 670 945 in
705 922 822 945 unum
853 908 1023 944 redeat.”
1081 907 1142 942 Ad
1165 907 1247 942 haeo
1268 907 1420 942 Albana

135 961 267 1010 pubes,
288 962 442 998 inermis
462 962 508 998 ab
529 962 681 998 armatis
701 969 817 1009 septa,
841 961 876 996 in
900 960 1009 996 variis
1030 959 1297 999 voluntatibus„
1319 971 1420 995 com-

92 1019 122 1044 15
135 1013 240 1050 muni
260 1020 386 1050 tamen
407 1021 509 1050 metu
543 1020 716 1062 cogente,
739 1013 930 1049 silentium
960 1019 1074 1048 tenet.
1131 1011 1235 1047 Tum
1266 1011 1419 1053 Tullus,

135 1068 158 1088 ‘⁴
178 1065 296 1102 Mette
317 1066 497 1109 Fuffetiss’
519 1066 653 1114 inquit,
684 1068 707 1087 ‘⁴
722 1066 752 1102 si
783 1066 860 1113 ipse
891 1065 1038 1100 discere
1068 1076 1197 1112 posses
1231 1063 1343 1099 fidem
1375 1076 1420 1099 ac

134 1120 159 1141 “
177 1117 319 1154 foedera
338 1131 498 1165 servare,
518 1119 600 1155 vivo
619 1118 687 1155 tibi
707 1131 753 1154 ea
778 1117 979 1166 disciplina
999 1130 1020 1153 a
1040 1129 1100 1152 me
1121 1116 1289 1152 adhibita
1309 1124 1419 1152 esset.

135 1174 159 1194 “
175 1171 306 1214 Nune,
327 1171 505 1219 quoniam
525 1178 631 1207 tuum
663 1170 872 1207 insanabile
907 1170 1103 1218 ingenium
1134 1176 1203 1210 est,
1238 1176 1275 1204 at
1295 1177 1334 1205 tu
1354 1176 1420 1205 tuo

136 1226 159 1246 ‘⁶
176 1223 360 1272 supplicio
379 1224 474 1260 doce
495 1224 702 1260 humanum
722 1235 844 1272 genus
877 1235 922 1258 ea
955 1229 1086 1259 sancta
1106 1222 1274 1263 credere,
1296 1233 1378 1268 quae
1400 1234 1422 1257 a

91 1279 160 1304 θος(
177 1283 212 1313 te
234 1275 367 1312 violata
386 1283 486 1313 sunt.
542 1276 591 1312 Ut
613 1276 724 1325 igitur
744 1274 854 1324 paulo
875 1274 960 1310 ante
995 1275 1162 1310 animum
1194 1274 1290 1309 inter
1310 1273 1423 1310 Fide-

136 1332 160 1352 “
178 1337 303 1366 natem
324 1328 613 1376 Romanamque
634 1341 712 1364 rem
740 1327 942 1375 ancipitem
974 1326 1136 1375 gessisti,
1167 1327 1218 1362 ita
1245 1326 1320 1374 jam
1343 1339 1423 1362 cor-

139 1385 247 1430 “pus
279 1381 417 1429 passim
448 1380 732 1417 distrahendum
757 1380 904 1415 dabis.'’
971 1379 1139 1421 Exinde,
1173 1379 1320 1414 duabus
1358 1379 1423 1414 ad-

137 1434 248 1472 motis
268 1433 473 1481 quadrigis,
495 1433 531 1469 in
553 1446 686 1469 currus
715 1445 844 1468 earum
865 1432 1071 1468 distentum
1094 1431 1211 1479 illigat
1231 1431 1395 1467 Mettum
1415 1445 1422 1468 ι

137 1487 275 1524 deinde
297 1486 334 1522 in
355 1485 543 1521 diversum
579 1485 647 1521 iter
667 1485 752 1532 equi
780 1484 974 1527 concitati,
1005 1484 1173 1520 lacerum
1208 1484 1245 1519 in
1268 1494 1422 1531 utroque

93 1541 250 1576 25curru
270 1549 418 1587 corpus,
448 1537 522 1585 qua
553 1537 781 1573 inhaeserant
810 1536 974 1572 vinculis
1008 1536 1189 1581 membra,
1220 1543 1423 1583 portantes.

138 1592 320 1628 Avertere
353 1602 485 1626 omnes
518 1603 540 1625 a
571 1591 674 1626 tanta
708 1589 878 1625 foeditate
912 1588 1118 1637 spectaculi
1145 1588 1287 1624 oculos.
1345 1589 1421 1625 Pri-

138 1656 242 1681 mum
262 1642 510 1690 ultimumque
531 1642 622 1679 illud
657 1641 884 1690 supplicium
919 1641 1016 1689 apud
1044 1641 1242 1677 Romanos
1262 1642 1425 1690 exempli

138 1708 269 1745 parum
290 1695 466 1731 memoris
499 1694 626 1743 legum
656 1695 907 1730 humanarum
943 1694 1037 1730 suit:
1086 1693 1123 1728 in
1158 1692 1241 1728 aliis
1273 1693 1423 1742 gloriari

137 1749 240 1794 licet,
261 1747 354 1784 nulli
374 1747 544 1796 gentium
565 1747 731 1783 mitiores
751 1746 938 1794 placuisse
959 1758 1104 1794 poenas.

94 1855 125 1880 30
190 1853 345 1890 XXIX.
376 1852 479 1889 Inter
500 1853 583 1889 haec
600 1852 677 1901 jam
698 1851 881 1900 praemissi
903 1851 1040 1888 Albam
1061 1858 1168 1888 erant
1183 1851 1342 1899 equites,
1363 1854 1426 1902 qui

138 1905 420 1943 multitudinem
440 1905 684 1942 traducerent
703 1904 881 1940 Romam.
938 1904 1128 1952 Legiones
1141 1904 1279 1940 deinde
1300 1905 1427 1942 ductae

95 1970 118 1995 ιω·
95 1957 187 1995 ad
205 1958 430 1995 diruendam
451 1957 597 1994 urbem.
651 1956 754 1996 Quae
775 1956 838 1992 ubi
860 1956 1048 1993 intravere
1078 1964 1219 2004 portas,
1251 1969 1326 1993 non
1347 1971 1394 2005 qu
1404 1972 1430 1994 ι-

95 2012 119 2046 Ὁ.
139 2012 225 2048 dem
246 2011 315 2047 suit
335 2010 517 2047 tumultus
543 2010 618 2056 ille,
649 2022 722 2046 nec
751 2021 878 2057 pavor,
908 2009 1029 2057 qualis
1043 2016 1243 2067 captarum
1264 2022 1348 2046 esse
1369 2023 1431 2046 ur-

102 2051 243 2108 {bium
263 2063 378 2108 solet3
425 2075 555 2110 quum,
589 2061 755 2098 effractis
784 2062 911 2109 portis,
947 2062 1117 2098 stratisve
1148 2061 1263 2097 ariete
1295 2063 1427 2109 muris,

113 2122 205 2152 ,aut
223 2128 310 2152 arce
330 2115 365 2151 vi
385 2117 505 2164 capta,
527 2115 668 2151 clamor
688 2114 833 2150 hostilis
853 2121 890 2150 et
909 2126 1043 2150 cursus
1063 2126 1128 2162 per
1154 2114 1285 2150 urbem
1307 2127 1429 2151 arma-

96 2169 121 2204 ‘²3
104 2174 261 2225 „torum
281 2167 410 2204 omnia
429 2167 526 2203 ferro
552 2167 777 2214 flammaque
811 2166 971 2202 miscet:
1012 2167 1077 2202 sed
1109 2166 1300 2202 silentium
1322 2167 1426 2203 triste

104 2210 187 2267 ‘gae
207 2219 321 2256 tacita
333 2219 510 2256 moestitia
530 2219 581 2256 ita
599 2219 730 2256 defixit
755 2219 925 2255 omnium
959 2219 1118 2261 animos,
1150 2226 1203 2261 ut,
1224 2232 1301 2267 prae
1323 2228 1426 2256 metu

97 2250 260 2314 gobliti,
281 2271 370 2319 quid
389 2272 657 2320 relinquerent,
679 2271 768 2319 quid
789 2284 920 2307 secum
942 2271 1093 2313 ferrent,
1115 2271 1317 2308 deficiente
1338 2285 1428 2308 con-

143 2323 237 2367 silio,
256 2323 533 2372 rogitantesque
553 2324 614 2360 alii
636 2324 740 2366 alios,
758 2336 862 2360 nunc
884 2324 921 2359 in
934 2324 1128 2360 liminibus
1144 2331 1298 2366 starent,
1321 2336 1425 2359 nunc

99 2392 131 2417 40
144 2375 348 2412 errabundi
368 2376 498 2412 domos
517 2389 616 2423 suas,
637 2376 811 2412 ultimum
842 2376 933 2412 illud
964 2376 1090 2419 visuri,
1118 2383 1424 2424 pervagarentur.

144 2427 195 2464 Ut
214 2426 302 2464 vero
318 2427 395 2476 jam
415 2428 582 2476 equitum
607 2429 748 2466 clamor
777 2430 880 2465 exire
906 2428 1121 2477 jubentium
1155 2428 1330 2469 instabat,
1348 2427 1426 2475 jam

145 2480 268 2530 fragor
297 2487 494 2526 tectorum,
529 2493 612 2528 quoe
645 2481 905 2524 diruebantur,
945 2480 1084 2517 ultimis
1119 2480 1220 2516 urbis
1257 2479 1427 2527 partibus

563 2532 611 2569 3*
