1617 2765
165 203 238 241 120
687 201 776 232 TlTI
801 203 906 232 LIVII

165 310 238 334 non
279 298 427 335 fortuna
470 298 592 345 modo,
614 299 678 336 sed
717 298 810 336 ratio
847 298 974 346 etiam,
995 311 1079 335 cum
1112 299 1279 336 barbaris
1308 302 1441 338 stabat.

164 349 208 386 ln
229 349 345 386 altera
365 351 447 387 acie
467 351 560 387 nihil
590 351 711 388 simile
742 351 939 396 Romanis,
971 365 1045 388 non
1075 353 1173 400 apud
1206 353 1337 399 duces,
1366 366 1441 390 non

163 402 260 450 apud
282 403 429 448 milites,
444 411 544 439 erat:
566 416 676 452 pavor
691 403 851 452 fugaque
867 412 1118 452 occupaverat
1133 405 1292 450 animos,
1309 412 1346 441 et
1361 413 1442 441 tan-

163 462 198 490 ta
218 454 410 491 hominum
425 455 572 500 oblivio,
594 463 634 492 ut
650 455 767 491 multo
781 455 896 504 major
916 468 1000 503 pars
1016 456 1142 504 Vejos,
1158 457 1193 492 in
1209 457 1369 493 hostium
1385 470 1443 493 ur-

162 506 260 552 bem,
281 519 395 555 quum
412 507 565 543 Tiberis
585 515 740 553 arceret,
771 509 882 556 quam
916 515 1017 545 recto
1050 508 1183 544 itinere
1210 508 1373 544 Romam
1395 510 1441 545 ad
1471 518 1488 542 5

161 559 343 608 conjuges
363 571 407 595 ac
427 559 564 596 liberos
581 560 765 608 fugerent.
822 560 1027 608 Parumpcr
1044 560 1287 597 subsidiarios
1303 568 1443 597 tutatus

159 618 216 647 est
235 612 362 647 locus:
393 611 431 647 in
452 611 594 659 reliqua
615 612 696 648 acie
717 612 826 648 simul
847 619 903 648 est
921 613 1073 657 clamor,
1093 613 1271 660 proximis
1287 613 1333 648 ab
1353 613 1443 649 late-

160 676 212 708 re,
227 663 368 699 ultimis
381 663 428 699 ab
440 670 558 712 tergo,
573 664 736 710 auditus,
755 665 923 713 ignotum
938 665 1081 700 hostem
1095 664 1194 712 prius
1210 677 1316 712 paene
1329 664 1442 713 quam

161 715 342 761 viderent,
376 728 452 751 non
483 715 592 752 modo
612 729 687 751 non
709 724 851 752 tentato
884 716 1105 762 certamine,
1128 717 1193 752 sed
1210 730 1258 752 ne
1278 717 1442 753 clamore

159 767 310 814 quidem
332 767 491 813 reddito,
512 768 647 816 integri
669 768 873 815 intactique
895 768 1082 816 sugerunt.
1124 768 1208 804 Nec
1230 769 1303 805 ulla
1319 770 1442 805 caedes
1459 778 1488 802 to

158 819 409 867 pugnantium
431 819 520 854 fuit:
564 826 669 868 terga
689 832 786 855 caesa
807 827 953 856 suomet
986 820 1149 868 ipsorum
1177 821 1384 857 certamine
1404 821 1442 857 in

159 871 269 906 turba
290 871 576 919 impedientium
598 872 736 920 fugam.
794 871 907 908 Circa
927 871 1044 919 ripam
1061 871 1224 916 Tiberis,
1242 871 1314 920 quo
1331 873 1444 909 armis

159 923 316 971 abjectis
335 930 453 959 totum
474 923 666 960 sinistrum
688 936 806 960 cornu
826 923 983 972 defugit,
1015 936 1152 972 magna
1182 932 1324 973 strages
1345 925 1444 962 facta

160 983 239 1011 ost:
270 975 494 1023 multosque,
515 975 706 1024 imperitos
735 976 851 1012 nandi
882 984 945 1012 aut
978 976 1172 1021 invalidos,
1201 989 1333 1024 graves
1358 976 1443 1013 lori-

159 1027 213 1063 cis
230 1027 386 1075 aliisque
419 1027 662 1076 tegminibus,
694 1028 851 1064 hausere
880 1028 1059 1076 gurgites.
1118 1027 1285 1064 Maxima
1315 1037 1440 1065 tamen
1458 1038 1487 1062 1⁵

159 1092 242 1127 pars
262 1079 462 1115 incolumis
484 1079 596 1128 Vejos
612 1079 798 1128 perfugit3
820 1081 920 1116 unde
938 1092 1011 1116 non
1035 1078 1144 1116 modo
1159 1080 1321 1128 praesidii
1338 1081 1443 1128 quid-

158 1144 283 1179 quam,
320 1131 385 1167 sed
416 1143 463 1167 ne
494 1132 649 1168 nuntius
678 1132 829 1179 quidem
853 1131 983 1177 cladis,
1016 1131 1178 1168 Romam
1209 1140 1265 1168 est
1295 1133 1440 1169 missus.

159 1184 221 1219 Ab
241 1184 374 1219 dextro
394 1195 524 1228 cornU‚
544 1183 642 1231 quod
665 1183 792 1231 procul
813 1196 834 1219 a
855 1183 1008 1219 flumine
1029 1191 1066 1219 et
1086 1184 1205 1232 magis
1225 1184 1295 1219 sub
1315 1193 1441 1221 monte

158 1242 324 1282 steterat,
345 1234 510 1271 Romam
529 1247 662 1271 omnes
682 1235 834 1283 petii-re,
855 1243 904 1282 et,
931 1248 978 1271 ne
999 1235 1136 1271 clausis
1155 1235 1307 1283 quidem
1327 1237 1442 1285 portis

159 1288 274 1335 urbis,
294 1287 334 1324 in
354 1299 479 1324 arcem
500 1287 765 1336 confugerunt.
1454 1295 1487 1321 20

210 1393 407 1430 XXXIX.
452 1393 581 1430 Gallos
609 1406 756 1442 quoque
790 1392 890 1429 velut
917 1392 1198 1441 obstupefactos
1218 1392 1442 1430 miraculum

159 1447 324 1483 victoriae
345 1454 420 1483 tam
441 1445 647 1494 repentinae
661 1448 781 1482 tenuit
799 1458 807 1481 :
850 1454 888 1482 et
908 1445 975 1494 ipsi
993 1457 1127 1494 pavore
1141 1445 1252 1481 defixi
1272 1446 1438 1494 primitm

158 1506 354 1545 steterunt,
376 1499 475 1534 velut
494 1498 628 1547 ignari,
655 1498 744 1545 quid
775 1497 998 1534 accidisset:
1038 1497 1176 1533 deinde
1208 1497 1363 1533 insidias
1383 1510 1442 1533 ve-

159 1552 252 1595 reri3
282 1550 469 1599 postremo
488 1563 671 1586 caesorum
704 1550 821 1598 spolia
849 1549 988 1598 legere,
1019 1561 1280 1598 armorumque
1310 1562 1442 1585 cumu-

159 1603 224 1645 los,
255 1610 296 1639 ut
325 1616 404 1639 mos
432 1602 487 1638 eis
515 1609 584 1645 est,
615 1614 851 1638 coacervare.
917 1601 1020 1637 Tum
1050 1601 1215 1644 demum,
1246 1609 1487 1649 postquam25

159 1656 252 1692 nihil
274 1667 431 1703 usquam
453 1654 586 1691 hostile
615 1654 852 1698 cernebatur,
883 1654 980 1690 viam
1002 1653 1175 1701 ingressi,
1205 1653 1304 1689 haud
1325 1652 1442 1689 multo

158 1715 244 1744 ante
265 1708 352 1743 solis
371 1719 551 1744 occasum
571 1707 617 1742 ad
638 1706 768 1742 urbem
790 1706 954 1742 Romam
972 1705 1216 1754 perveniunt:
1247 1705 1310 1741 ubi
1326 1717 1442 1753 quum

159 1759 354 1809 praegressi
387 1759 545 1807 equites,
576 1771 651 1795 non
689 1765 814 1806 portas
847 1757 1006 1801 clausas,
1038 1770 1114 1794 non
1148 1757 1346 1794 stationem
1375 1770 1442 1805 pro

158 1813 273 1861 portis
309 1812 515 1854 excubare,
553 1824 629 1847 non
667 1817 828 1847 armatos
860 1822 942 1846 esse
972 1810 1009 1846 in
1039 1809 1168 1855 muris,
1202 1809 1440 1854 retulissent3

159 1864 258 1900 aliud
279 1863 392 1912 priori
412 1863 533 1899 simile
564 1862 787 1899 miraculum
815 1875 879 1899 eos
907 1862 1107 1905 sustinuit3
1138 1869 1362 1909 noctemque
1383 1869 1486 1897 νεὶ-30

159 1916 217 1952 riti
247 1923 285 1952 et
312 1916 451 1964 ignotae
479 1915 593 1951 situm
622 1914 725 1950 urbis
763 1914 860 1949 inter
902 1913 1066 1950 Romam
1110 1920 1220 1961 atque
1249 1913 1441 1950 Anienem

159 1968 380 2010 consedere,
411 1966 706 2015 exploratoribus
736 1965 859 2001 missis
878 1965 981 2001 circa
1013 1964 1152 2000 moenia
1178 1964 1342 2013 aliasque
1362 1978 1443 2014 por-

159 2029 229 2068 tas,
249 2031 420 2069 quaenam
443 2018 610 2055 hostibus
643 2018 681 2054 in
701 2017 848 2066 perdita
868 2029 906 2053 re
928 2017 1085 2053 consilia
1105 2025 1242 2053 essent.
1300 2017 1442 2054 Roma-

160 2073 212 2120 ni,
231 2085 345 2121 quum
366 2084 450 2120 pars
470 2070 586 2120 major
605 2083 652 2106 ex
682 2070 763 2106 acie
794 2069 908 2118 Vejos
928 2069 1093 2117 petisset,
1114 2081 1225 2105 nemo
1245 2082 1441 2117 superesse

160 2137 384 2174 quemquam
420 2130 553 2172 praeter
582 2135 660 2168 eos,
701 2121 764 2170 qui
805 2122 968 2158 Romam
998 2120 1226 2169 refugerant,
1255 2122 1486 2165 crederet‚3⁵

161 2177 379 2226 complorati
399 2188 542 2221 omneS,
572 2175 708 2223 pariter
738 2174 808 2210 vivi
838 2173 1061 2220 mortuique,
1095 2180 1209 2209 totam
1239 2174 1350 2222 prope
1383 2187 1442 2210 ur-

162 2230 246 2266 bem
280 2228 455 2265 lamentis
485 2227 744 2276 impleverunt.
802 2225 968 2261 Privatos
998 2225 1135 2260 deinde
1161 2225 1285 2261 luctus
1318 2233 1442 2274 stupe-

163 2281 252 2319 fecit
272 2281 446 2329 publicus
465 2293 589 2328 pavor,
618 2286 812 2328 postquam
835 2278 959 2314 hostes
979 2277 1109 2313 adesse
1130 2278 1342 2314 nuntiatum
1363 2285 1440 2314 est:

163 2347 249 2370 mox
277 2333 440 2369 ululatus
469 2339 676 2379 cantusque
706 2331 889 2373 dissonos,
924 2329 1146 2378 vagantibus
1172 2329 1275 2366 circa
1302 2330 1442 2366 moenia

163 2386 353 2423 turmatim
374 2384 554 2426 barbaris,
575 2383 790 2420 audiebant.
846 2382 971 2418 Omne
1006 2381 1092 2417 inde
1123 2390 1270 2430 tempus
1289 2394 1442 2430 suspen·
1458 2379 1490 2403 40

164 2451 224 2475 sos
243 2438 291 2474 ita
312 2437 433 2474 tenuit
451 2437 596 2473 animos
617 2449 733 2483 usque
755 2435 799 2471 ad
820 2434 942 2471 lucem
974 2434 1141 2478 alteram,
1176 2442 1216 2471 ut
1235 2433 1441 2470 identidem

160 2491 296 2540 jamin
327 2490 457 2527 urbem
489 2489 634 2526 futurus
668 2488 853 2524 videretur
888 2487 1070 2535 impetus;
1117 2486 1236 2534 primo
1265 2486 1440 2528 adventu,
