1617 2765
153 175 228 214 178
677 175 769 208 T1T1
791 176 902 209 mvn

152 272 342 306 “cautum
361 276 429 306 est.
468 269 521 306 At
539 269 640 306 enirn
660 283 704 307 eo
725 271 875 315 soedere,
896 270 994 318 quod
1014 283 1101 306 cum
1119 269 1356 306 Hasdrubale
1371 270 1424 307 ic-

152 324 268 358 “turn
287 328 355 365 est,
378 322 578 370 Saguntini
608 322 871 370 excipiuntur:
914 322 1091 358 adversus
1122 321 1220 369 quod
1241 321 1334 357 nihil
1353 334 1424 370 ego

152 373 359 410 “dicturus
391 386 484 418 sum,
512 374 584 409 nisi
616 374 714 421 quod
731 386 752 409 a
771 374 873 409 vobis
893 373 1021 409 didici.
1078 373 1156 409 Vos
1181 373 1297 419 enim,
1325 373 1424 421 quod

151 428 176 448 ‘⁶
189 425 233 462 C.
255 425 427 462 Lutatius
446 425 576 461 consul
597 424 714 473 primo
734 425 930 461 nobiscum
959 424 1080 460 foedus
1100 425 1177 468 icit,
1197 425 1284 472 quia
1302 437 1424 472 neque

151 480 176 501 ‘⁶
189 478 410 514 auctoritate
424 477 575 513 Patrum
591 489 663 512 nec
678 477 803 525 populi
819 477 925 525 jussu
942 477 1058 512 ictum
1075 483 1166 522 erat,
1183 477 1350 524 negastis
1362 489 1425 512 vos
1452 483 1471 508 ⁵

151 533 234 566 “eo
253 529 394 573 teneri3
443 528 566 576 itaque
596 529 696 565 aliud
716 529 762 565 de
783 529 929 577 integro
949 528 1070 564 foedus
1088 528 1240 576 publico
1268 528 1426 564 consilio

151 580 304 617 “ictum
324 588 392 617 est.
449 580 490 616 Si
510 592 573 616 vos
592 593 666 617 non
687 587 818 617 tenent
843 588 963 616 vestra
996 580 1149 626 foedera,
1183 579 1254 615 nisi
1274 592 1320 615 ex
1340 592 1426 615 auc-

151 635 174 655 “
188 633 334 669 toritate
355 640 418 668 aut
433 632 540 680 jussu
559 639 680 668 vestro
698 633 797 676 icta3
837 645 884 668 ne
913 645 981 668 nos
1000 632 1150 680 quidem
1177 631 1426 668 Hasdrubalis

151 687 175 707 “
189 684 322 727 soedus,
341 684 438 732 quod
467 683 574 719 nobis
602 683 732 720 insciis
764 684 842 730 icit,
875 684 1041 732 obligare
1074 683 1205 731 potuit.
1262 683 1424 720 Proinde

151 736 345 772 “omittite
367 735 526 784 Sagunti
554 742 664 783 atque
693 735 793 771 Iberi
823 736 1055 772 mentionem
1075 735 1221 779 facere3
1258 743 1306 780 et,
1326 736 1423 783 quod
1441 742 1470 766 10

151 790 175 810 ‘²
188 787 252 822 diu
272 787 427 835 parturit
446 787 593 823 animus
625 794 759 830 vester,
791 787 991 834 aliquando
1009 787 1167 834 pariat-’⁹
1224 787 1327 823 Tum
1348 787 1426 823 Ro-

149 850 296 881 manus,
316 838 401 875 sinu
420 851 468 875 ex
488 838 576 887 toga
596 838 707 882 facto,
738 842 762 862 “
776 838 894 885 Hic,’'
915 839 1046 886 inquit,
1067 840 1090 860 “
1109 838 1211 875 vobis
1231 838 1369 874 bellum
1389 846 1426 875 et

150 893 320 939 “pacem
360 898 571 939 portamus3
617 897 740 927 utrum
786 890 920 939 placet,
963 891 1136 927 sumite.''
1211 890 1290 926 Sub
1327 891 1426 927 hanc

149 954 280 979 vocem
300 943 400 979 haud
420 941 543 979 minus
563 942 748 990 ferociter,
778 947 802 966 “
818 943 934 988 daret,
969 951 1094 979 utrum
1114 942 1262 987 vellet‚'’
1283 942 1426 978 succla-

148 1001 291 1030 matum
319 1002 398 1039 est3
444 1001 482 1031 et
517 1007 631 1042 quum
660 994 692 1030 is
720 995 854 1031 iterum
896 995 980 1031 sinu
1019 995 1137 1030 effuso
1167 994 1304 1030 bellum
1334 994 1423 1031 dare
1440 999 1469 1024 15

149 1045 318 1089 dixisset,
339 1046 512 1094 accipere
531 1058 570 1082 se
589 1059 721 1083 omnes
739 1047 1023 1095 responderunt,
1044 1053 1094 1093 et,
1122 1046 1258 1094 quibus
1277 1046 1425 1095 accipe-

149 1104 233 1134 rent
251 1098 398 1144 animis,
419 1098 551 1134 iisdem
572 1110 611 1134 se
630 1106 812 1147 gesturos·

201 1201 379 1238 XXXII.
436 1228 600 1239 .....
630 1201 822 1238 Hannibal
839 1202 885 1238 ab
901 1201 1085 1238 Druentia
1097 1202 1296 1250 campestri
1310 1203 1424 1239 maxi-

149 1251 208 1290 me
227 1253 361 1290 itinere
389 1266 477 1290 cum
506 1253 605 1290 bona
633 1266 726 1302 pace
745 1254 792 1290 ad
834 1254 951 1302 Alpes
984 1254 1228 1290 incolentium
1261 1267 1307 1290 ea
1341 1254 1426 1291 loca

149 1304 342 1342 Gallorum
369 1305 550 1354 pervenit.
606 1305 722 1349 Tum,
744 1318 967 1353 quamquam
994 1305 1092 1342 fama
1120 1306 1228 1354 prins
1259 1305 1351 1354 (qua
1370 1306 1471 1343 in-2o

149 1363 253 1394 certa
284 1357 322 1394 in
353 1357 472 1406 majus
499 1369 585 1394 vero
604 1357 691 1394 ferri
710 1358 847 1407 solent)
878 1365 1065 1406 praecepta
1094 1370 1154 1394 res
1185 1365 1277 1400 erat,
1297 1365 1424 1394 tamen

148 1421 196 1445 ex
222 1409 430 1458 propinquo
457 1409 535 1445 visa
563 1408 747 1446 montium
786 1409 954 1456 altitudo,
983 1409 1161 1457 nivesque
1189 1409 1285 1446 coelo
1312 1410 1425 1458 prope

148 1460 341 1507 immixtae,
361 1468 462 1498 tecta
479 1461 654 1498 informia
672 1468 844 1509 impOS1ta
875 1439 1040 1509 rupibus,
1073 1474 1211 1509 pecora
1239 1461 1426 1509 jumenta·

148 1525 220 1570 que
240 1513 378 1549 torrida
397 1513 546 1562 frigore,
566 1514 737 1550 homines
756 1513 893 1549 intonsi
921 1520 959 1549 et
986 1512 1131 1558 inculti,
1162 1512 1338 1548 animalia
1366 1513 1425 1549 in-

149 1564 348 1612 animaque
375 1565 503 1602 omnia
529 1565 691 1614 rigentia
717 1565 818 1613 gelu,
860 1573 996 1600 caetera
1032 1565 1126 1611 visu,
1164 1577 1277 1612 quam
1306 1564 1424 1611 dictu,
1437 1571 1470 1597 25

149 1615 314 1661 foediora,
335 1623 512 1653 terrorem
541 1617 781 1653 renovarunt.
855 1616 1100 1665 Erigentibus
1129 1616 1165 1652 in
1194 1616 1333 1664 primos
1362 1628 1425 1665 ag-

149 1680 236 1704 men
283 1647 399 1705 clivos
436 1676 688 1717 apparuerunt
726 1668 968 1704 imminentes
1009 1668 1172 1705 tumulos
1217 1667 1426 1704 insidentes

148 1720 341 1764 montani3
387 1720 464 1768 qui,
502 1720 533 1757 si
561 1721 674 1757 valles
715 1720 941 1757 occultiores
974 1720 1211 1765 insedissent,
1241 1721 1358 1756 coorti
1386 1720 1424 1756 in

147 1784 315 1820 pugnam
353 1772 521 1820 repente,
559 1772 751 1821 ingentem
795 1771 922 1821 fugam
955 1779 1191 1821 stragemque
1221 1772 1424 1808 dedissent.

149 1823 342 1860 Hannibal
362 1824 567 1861 consistere
587 1826 695 1873 signa
710 1824 837 1874 jubet;
881 1824 1074 1872 Gallisque
1104 1825 1149 1860 ad
1170 1824 1325 1860 visenda
1343 1824 1426 1860 loca
1438 1831 1472 1856 30

147 1875 361 1923 praemissis,
380 1883 575 1924 postquam
595 1876 791 1924 comperit,
812 1875 1008 1912 transitum
1028 1877 1071 1911 ea
1091 1888 1166 1912 non
1186 1888 1282 1918 esse,
1303 1884 1427 1912 castra

148 1927 244 1963 inter
282 1927 503 1975 confragosa
538 1928 667 1963 omnia
703 1934 974 1975 praeruptaque,
1017 1926 1130 1974 quam
1169 1927 1425 1963 extentissima

146 1985 268 2027 potest
300 1979 404 2024 valle,
434 1979 543 2015 locat.
609 1978 712 2014 Tum
741 1991 806 2026 per
847 1979 999 2014 eosdem
1035 1979 1173 2023 Gallos,
1205 1979 1303 2014 haud
1333 1979 1425 2016 sane

147 2030 310 2067 multum
331 2030 460 2079 lingua
480 2030 718 2078 moribusque
735 2030 991 2076 abhorrentes,
1003 2043 1116 2078 quum
1139 2043 1178 2066 se
1199 2031 1425 2067 immiscuis-

147 2089 231 2119 sent
259 2082 452 2130 colloquiis
480 2090 753 2128 montanorum,
793 2082 949 2118 edoctus
978 2082 1140 2118 interdiu
1159 2081 1301 2118 tannim
1330 2083 1472 2119 obsi-3⁵

148 2134 227 2170 deri
247 2134 396 2181 saltum,
416 2142 527 2171 nocte
547 2135 584 2171 in
605 2147 673 2170 sua
691 2146 875 2183 quemque
899 2134 1013 2170 dilabi
1034 2141 1156 2178 tecta3
1200 2134 1285 2170 luce
1304 2135 1428 2183 prima

148 2186 262 2223 subiit
281 2186 456 2233 tumulos,
476 2193 517 2223 ut
535 2199 582 2222 ex
601 2194 728 2235 aperto
748 2194 856 2234 atque
876 2185 1040 2222 interdiu
1059 2186 1133 2222 vim
1153 2199 1217 2234 per
1234 2188 1427 2235 angustias

149 2237 328 2274 facturus.
383 2238 456 2274 Die
477 2239 625 2284 deinde,
656 2238 866 2274 simulando
896 2238 995 2274 aliud
1025 2237 1136 2286 quam
1156 2239 1253 2286 quod
1273 2239 1427 2286 paraba-

148 2296 220 2333 tur,
241 2297 477 2338 consumpto‚
495 2303 610 2338 quum
630 2291 775 2335 eodem,
805 2302 877 2337 quo
907 2291 1165 2333 constiterant,
1192 2290 1275 2327 loco
1303 2298 1427 2327 castra

149 2342 460 2384 communissent,
499 2343 563 2378 ubi
599 2342 765 2390 primum
802 2342 998 2390 degressos
1033 2343 1188 2379 tumulis
1229 2349 1425 2379 montanos
1439 2349 1470 2374 4⁰

149 2393 363 2442 laxatasque
383 2394 500 2430 sensit
527 2395 728 2437 custodias,
749 2393 917 2442 pluribus
951 2394 1114 2442 ignibus,
1140 2393 1252 2442 quam
1271 2407 1338 2442 pro
1357 2406 1425 2430 nu-

150 2458 253 2483 mero
271 2445 517 2492 manentium,
548 2446 586 2482 in
616 2446 781 2495 speciem
802 2446 921 2492 factis,
956 2446 1307 2496 impedimentisque
1337 2457 1425 2482 cum
