1617 2765
133 717 162 742 10

131 977 160 1001 15

124 1753 154 1778 :30

123 2272 154 2297 40

574 148 709 179 LIBER
731 147 888 178 XXXIV.
928 157 1007 178 CAP.
1026 158 1092 178 νη.
1373 149 1451 187 ‘257

231 242 320 279 VH.
370 242 552 279 “Omnes
572 242 634 278 alii
655 241 817 286 ordines,
847 253 978 278 omnes
1007 240 1178 277 homines
1206 242 1450 278 mutationem

180 294 255 331 “in
275 295 465 332 meliorem
482 301 618 330 statum
638 293 852 342 reipublicae
873 293 1058 336 sentient;
1106 292 1151 327 ad
1172 293 1352 341 conjuges
1372 302 1450 330 tan-

180 347 299 384 “tstm
335 353 479 383 nostras
514 345 618 394 pacis
645 354 683 382 et
710 345 986 393 tranquillitatis
1015 344 1174 393 publicae
1204 343 1346 380 fructus
1374 358 1449 382 non

179 398 438 447 “perveniet?
494 397 662 446 Purpura
690 397 757 433 viri
786 406 947 443 utemur,
966 395 1171 445 praetextati
1202 395 1239 431 in
1260 397 1451 444 magistra-

178 450 326 493 “tibus‚
349 451 385 486 in
407 450 650 493 sacerdotiis3
690 450 797 485 liberi
818 449 933 485 nostri
964 448 1158 506 praetextis
1170 448 1335 495 purpura
1354 449 1449 496 togis

178 506 201 522 “
215 509 391 538 utentur·
382 529 391 545 ,
422 501 701 550 magistratibus
730 501 768 537 in
789 501 946 536 coloniis
966 499 1267 548 municipiisque,
1289 499 1351 535 hic
1372 500 1450 536 Ro-

177 558 283 590 “mae
312 553 440 590 infimo
472 553 616 602 generi,
634 553 818 601 magistris
839 553 1016 597 vicorum,
1038 559 1133 600 togae
1165 558 1354 599 praetextoe
1388 552 1450 587 ha-

177 605 346 642 “bendae
383 604 445 654 jus
473 604 752 653 permittemus;
799 617 871 640 nec
905 604 942 640 id
973 611 1012 640 ut
1037 604 1107 640 vivi
1141 601 1257 639 solum
1288 603 1451 640 habeant

176 661 199 677 ‘⁸
213 664 357 694 tantum
376 657 537 706 insigne,
558 657 623 693 sed
644 657 758 693 etiam
791 664 830 692 ut
858 669 945 692 cum
979 669 1023 692 eo
1056 663 1271 692 crementur
1291 655 1449 691 mortui:

176 712 199 729 “
214 708 376 745 foeminis
392 709 576 745 duntaxat
595 721 767 757 purpurae
801 721 909 744 usum
930 707 1225 744 interdicemus‘!
1266 714 1314 752 et,
1335 720 1450 755 quum

175 764 199 780 ‘⁴
213 760 280 797 tibi
299 761 376 798 viro
394 761 507 797 liceat
526 762 689 809 purpura
708 761 746 796 in
768 768 868 796 veste
889 759 1052 809 stragula
1072 759 1139 802 uti,
1169 759 1450 796 matrem-fami-

175 812 270 849 “liae
298 820 401 850 tuam
439 812 912 862 purpureumvamiculum
956 812 1093 848 habere
1133 824 1207 848 non
1238 811 1365 847 sines?
1413 818 1451 848 et

176 868 328 913 “equus
361 873 448 901 tuus
482 864 690 913 speciosius
718 864 894 901 instratus
923 865 1004 911 erit,
1038 863 1150 912 quam
1171 876 1262 900 uxor
1292 863 1449 899 vestita?

175 920 198 935 “
213 917 288 953 Sed
309 917 346 953 in
367 918 540 965 purpura,
561 929 642 964 quae
663 917 804 959 teritur,
840 917 1058 960 absumitur,
1080 915 1255 964 injustam
1284 915 1447 962 quidem,

175 971 198 987 “
213 969 277 1004 sed
297 969 457 1016 aliquam
478 975 616 1010 tamen,
638 980 790 1003 causam
811 968 1024 1003 tenacitatis
1038 968 1144 1003 video
1162 981 1169 1003 :
1190 968 1227 1003 in
1245 980 1334 1002 auro
1350 965 1447 1012 vero,

174 1019 250 1055 “in
271 1033 356 1067 quo,
375 1026 508 1068 praeter
537 1019 856 1067 mansis-pretium,
884 1019 976 1054 nihil
1008 1019 1273 1054 intertrimenti
1294 1018 1345 1060 fit,
1366 1031 1448 1066 quae

173 1074 197 1091 ‘⁴
211 1072 424 1120 malignitas
442 1072 526 1107 est?
566 1071 780 1119 praesidium
801 1070 921 1119 potitis
955 1070 992 1106 in
1023 1083 1068 1106 eo
1088 1078 1144 1106 est
1163 1078 1199 1106 et
1220 1071 1265 1106 ad
1286 1070 1448 1118 privatos

174 1126 248 1159 “et
267 1124 312 1159 ad
333 1123 503 1171 publicos
532 1135 632 1166 usus,
667 1122 765 1158 sieut
797 1123 939 1170 experti
969 1123 1068 1158 estis.
1125 1122 1280 1158 Nullam
1301 1122 1449 1158 aemula-

173 1174 350 1211 “tionem
384 1175 480 1211 inter
509 1187 548 1210 se
577 1174 822 1223 singularum,
859 1174 1009 1222 quando
1037 1173 1140 1210 nulla
1169 1174 1337 1222 haberet,
1365 1186 1447 1210 esse

173 1227 342 1263 “aiebat.
399 1226 452 1262 At
472 1225 659 1275 (Hercule
677 1227 704 1275 l)
736 1226 918 1262 universis
938 1226 1040 1262 dolor
1069 1233 1106 1262 et
1134 1226 1344 1274 indignatio
1377 1233 1446 1272 est,

171 1280 321 1327 “quum
342 1278 528 1315 sociorum
549 1277 673 1314 Latini
695 1278 857 1314 nominis
877 1278 1053 1315 uxoribus
1073 1279 1200 1314 vident
1219 1291 1264 1314 ea
1293 1290 1448 1314 conces-

171 1331 250 1367 “sa
267 1338 500 1373 ornamenta,
521 1343 603 1378 quae
623 1330 693 1366 sibi
714 1330 887 1378 adempta
916 1330 1013 1374 sint3
1060 1342 1174 1379 quum
1197 1330 1364 1379 insignes
1383 1343 1448 1367 eas

171 1383 289 1419 “esse
309 1395 399 1419 auro
418 1389 455 1419 et
472 1383 658 1431 purpura;
700 1395 814 1430 quum
836 1382 916 1418 illas
934 1383 1018 1419 vehi
1038 1395 1102 1431 per
1123 1383 1267 1428 urbem,
1289 1395 1327 1418 se
1344 1383 1448 1431 pedi-

169 1434 276 1471 “bus
296 1435 422 1483 sequi3
452 1442 641 1482 tamquam
662 1435 699 1470 in
720 1434 864 1470 illarum
886 1435 1112 1481 civitatibus,
1133 1448 1207 1471 non
1229 1436 1265 1470 in
1287 1435 1367 1481 sua,
1381 1435 1448 1471 im-

171 1485 350 1535 “perium
371 1486 427 1522 sit.
485 1487 660 1522 Virorum
682 1487 753 1522 hoc
773 1487 918 1523 animos
947 1487 1141 1523 vulnerare
1171 1495 1318 1535 posset:
1357 1487 1447 1534 quid

169 1537 511 1575 “muliercularum
532 1538 707 1581 censetis,
737 1550 828 1586 quas
848 1539 961 1574 etiam
988 1552 1101 1587 parva
1121 1540 1301 1575 movent?
1356 1538 1446 1575 Non

168 1589 456 1660 :Zmagistratuz
486 1603 559 1626 nec
592 1590 813 1633 sacerdotia,
845 1603 916 1626 nec
947 1591 1137 1640 triumphi,
1167 1604 1240 1627 nec
1270 1590 1445 1639 insignia,

183 1640 276 1678 ‘nec
296 1642 407 1688 dona,
428 1650 491 1678 aut
510 1642 626 1690 spolia
646 1642 792 1686 bellica,
814 1643 871 1678 his
890 1644 1110 1692 contingere
1127 1650 1294 1701 possunt.
1334 1643 1447 1679 Mun-

169 1692 192 1712 “
205 1693 320 1736 ditiae‚
340 1702 378 1730 et
395 1702 560 1736 ornatus,
580 1701 617 1730 et
636 1694 772 1736 cultus,
794 1695 875 1730 haec
895 1694 1162 1731 soeminarum
1154 1695 1316 1743 instgnia
1336 1701 1444 1730 sunt:

168 1744 264 1781 “his
283 1746 450 1795 gaudent
481 1753 518 1782 et
545 1745 772 1794 gloriantur3
817 1746 918 1782 hunc
939 1747 1118 1782 mundum
1142 1747 1363 1783 muliebrem
1385 1759 1446 1795 ap·

168 1796 390 1845 “pellarunt
410 1798 568 1846 majores
587 1798 715 1834 nostri.
770 1797 877 1837 Quid
899 1798 998 1834 aliud
1019 1799 1057 1835 in
1090 1799 1208 1841 luctu,
1231 1799 1341 1846 quam
1362 1811 1446 1847 pur-

167 1848 334 1897 “puram
365 1856 474 1897 atque
508 1862 654 1893 aurum,
689 1850 908 1898 deponunt?
950 1851 1052 1898 quid,
1086 1863 1199 1899 quum
1232 1851 1444 1908 eluxerunt,

167 1899 386 1937 “sumunt?
425 1902 513 1949 quid
535 1902 572 1937 in
592 1902 904 1949 gratulationibus
929 1903 1350 1950 supplicationibusque,
1372 1902 1444 1938 nisi

167 1951 488 1989 “excellentiores
516 1959 681 1995 ornatus,
703 1953 914 2002 adjiciunt?
972 1954 1139 1999 Scilicet,
1172 1954 1202 1990 si
1223 1954 1344 2002 legem
1366 1954 1445 2002 Op-

166 2002 303 2073 :Zpiam
335 2004 612 2053 abrogaverifis,
650 2017 726 2041 non
760 2005 869 2041 vestri
899 2006 1039 2042 arbitrii
1076 2006 1159 2052 erit,
1188 2006 1218 2042 si
1247 1988 1336 2053 qouid
1364 2006 1445 2055 ejus

166 2052 327 2092 “vetare
356 2056 557 2100 volueritis,
586 2057 683 2103 quod
704 2069 806 2093 nunc
839 2057 898 2093 lex
919 2057 1037 2093 vetat!
1078 2057 1201 2094 minus
1233 2057 1331 2103 filie,
1353 2071 1444 2094 uxo-

180 2106 275 2154 ‘res,
312 2120 456 2144 sorores
492 2108 603 2144 etiam
624 2108 860 2156 quibusdam,
904 2109 940 2145 in
971 2122 1084 2146 manu
1127 2108 1260 2146 erunt!
1335 2109 1443 2146 Nun-

166 2157 328 2207 “quam,
349 2159 459 2196 salvis
478 2160 566 2205 suis,
588 2160 738 2196 exuitur
758 2161 915 2197 servitus
932 2161 1122 2198 muliebris
1139 2175 1146 2206 ;
1167 2172 1204 2198 et
1224 2162 1313 2210 ipsae
1332 2162 1443 2198 liber-

166 2210 190 2230 “
203 2218 328 2256 tatem,
349 2224 460 2259 quam
486 2211 645 2248 viduitas
663 2220 700 2249 et
718 2213 857 2249 orbitas
874 2213 975 2259 facit,
995 2214 1239 2250 detestantur.
1296 2214 1341 2251 In
1363 2226 1443 2250 ves-

166 2262 260 2299 “tro
280 2263 430 2300 arbitrio
463 2276 571 2300 suum
604 2272 790 2307 ornatum,
819 2265 928 2313 quam
964 2266 1001 2302 in
1034 2266 1140 2314 legis
1170 2267 1314 2302 malunt
1346 2278 1440 2302 esse.

166 2315 189 2335 “
204 2314 252 2351 Et
273 2327 335 2352 vos
355 2315 392 2352 in
411 2327 523 2351 manu
543 2322 579 2352 et
598 2316 727 2362 tutela,
761 2329 836 2353 non
871 2318 908 2352 in
929 2318 1090 2359 servitio,
1125 2318 1270 2354 debetis
1305 2319 1440 2354 babere

166 2367 290 2410 “eas3
336 2375 374 2403 et
406 2367 515 2403 malle
537 2374 658 2415 patres
678 2380 741 2404 vos
770 2377 832 2405 aut
862 2368 968 2413 viros,
998 2369 1109 2418 quam
1137 2370 1320 2414 dominos,
1351 2369 1439 2405 dici.

165 2418 403 2455 “Invidiosis
439 2419 654 2456 nominibus
689 2420 863 2457 utebatur
907 2421 1016 2457 modo
1044 2422 1186 2467 consul,
1218 2422 1440 2457 seditionem

552 2470 626 2506 5222*
