1617 2765
157 163 211 200 52
689 160 780 192 'rm
803 160 916 192 mvn

159 255 362 293 tendebat:
392 254 504 304 idque
535 256 587 292 ita
616 256 795 294 cecinere
826 263 940 303 vates,
973 257 1110 306 quique
1142 258 1178 294 in
1210 257 1303 295 urbe
1322 265 1441 303 erant,

160 321 326 357 quosque
345 308 392 345 ad
423 321 506 345 eam
540 321 618 344 rem
649 309 937 345 consultandam
967 322 1014 346 ex
1043 310 1194 346 Etruria
1215 311 1442 347 acciverant.

160 361 380 410 Augebatur
410 362 456 397 ad
491 361 680 408 impensas
717 361 816 409 regis
853 361 1011 398 animus.
1069 362 1200 410 Itaque
1236 363 1443 399 Pometinae

159 413 362 460 manubiae,
382 425 464 461 quae
486 413 729 461 perducendo
749 413 795 449 ad
816 413 966 450 culmen
987 415 1089 463 operi
1107 415 1303 451 destinatae
1323 422 1442 458 erant,

160 465 222 502 vix
242 465 279 502 in
302 466 548 502 fundamenta
568 465 868 514 suppeditavere.
927 466 982 502 Εὐ
999 467 1118 515 magis
1138 467 1272 509 Fabio,
1293 475 1444 515 praeter-
1473 474 1490 499 5

158 530 270 565 quam
290 518 390 566 quod
419 518 604 565 antiquior
632 526 700 563 est,
732 518 970 564 crediderim,
1003 519 1279 567 quadringenta
1304 531 1349 555 ea
1368 519 1447 555 sola

159 569 300 606 talenta
330 570 459 612 fuisse,
491 583 603 628 quam
634 569 774 617 Pisoni,
805 571 868 618 qui
897 571 1145 620 quadraginta
1176 571 1291 607 millia
1320 571 1446 629 pondo

159 622 305 671 argenti
325 623 489 680 seposita
508 623 545 658 in
576 635 660 659 eam
691 635 769 658 rem
799 623 942 669 scribit,
976 636 1160 659 summam
1191 624 1363 672 pecuniae
1382 636 1447 659 ne-

158 687 230 722 que
261 687 307 711 ex
340 675 453 711 unius
481 682 560 711 tum
594 675 696 711 urbis
725 675 854 722 prada
883 676 1119 723 sperandam,
1155 684 1192 712 et
1224 676 1376 718 nullius,
1397 688 1446 712 ne

160 727 292 763 horum
313 727 467 774 quidem
499 727 792 776 magnificentia:
818 739 988 775 operum,
1020 727 1266 764 fundamenta
1292 740 1366 764 non
1385 734 1492 764 eit-10

157 790 429 827 superaturam.

213 884 318 920 LVI.
366 884 542 921 Intentus
577 883 810 933 perficiendo
847 883 998 933 templo,
1039 884 1152 921 fabris
1189 884 1354 933 undique
1400 898 1448 922 ex

165 937 318 973 Etruria
339 937 486 982 accitis,
506 950 580 974 non
602 937 766 985 pecunia
793 937 918 974 solum
949 937 996 973 ad
1027 937 1064 973 id
1085 937 1237 985 publica
1257 946 1312 974 est
1344 951 1446 981 usus,

163 990 227 1026 sed
245 990 368 1037 operis
388 989 500 1026 etiam
522 1002 569 1026 ex
593 989 726 1038 plebe:
772 990 834 1037 qui
866 1002 981 1037 quum
1015 990 1115 1026 haud
1148 1002 1284 1038 parvus
1313 998 1350 1026 et
1370 991 1447 1038 ipse

166 1041 308 1078 militiae
329 1042 529 1078 adderetur
558 1041 675 1088 labor,
704 1042 836 1078 minsis
868 1050 994 1078 tamen
1025 1042 1130 1090 plebs
1149 1042 1386 1091 gravabatur,
1407 1055 1446 1079 se
1464 1052 1493 1077 15

163 1094 304 1142 templa
323 1094 444 1130 Deum
466 1094 703 1130 exaedificare
725 1095 899 1130 manibus
929 1094 1027 1130 suis:
1067 1107 1149 1142 quae
1170 1095 1324 1142 posthac
1345 1103 1382 1131 et
1401 1095 1448 1131 ad

163 1146 248 1188 alia,
270 1154 311 1182 ut
330 1146 456 1194 specie
478 1146 633 1190 minora,
666 1146 720 1182 sic
750 1146 886 1182 laboris
917 1146 1109 1193 aliquanto
1141 1146 1305 1194 majoris,
1325 1147 1450 1183 tradu-

163 1198 319 1234 cebatur
339 1210 475 1246 opera3
506 1198 603 1234 foros
624 1198 660 1234 in
687 1198 790 1235 circo
823 1199 1030 1241 faciendos,
1061 1198 1304 1246 cloacamque
1336 1199 1451 1235 maxi-

166 1263 280 1296 mam,
301 1250 583 1298 receptaculum
603 1251 773 1286 omnium
792 1258 1127 1299 purgamentorum
1148 1250 1263 1293 urbis,
1290 1251 1359 1286 sub
1379 1258 1451 1287 ter-

164 1315 245 1339 ram
266 1303 476 1351 agendam:
506 1302 642 1350 quibus
661 1303 809 1338 duobus
827 1303 1003 1351 operibus
1033 1302 1094 1338 vix
1124 1314 1221 1338 nova
1246 1303 1328 1339 haec
1348 1312 1495 1352 mag-20

165 1354 363 1391 nificentia
382 1355 586 1403 quidquam
617 1355 815 1402 adaequare
848 1355 978 1403 potuit.
1036 1354 1108 1391 His
1138 1355 1327 1391 laboribus
1346 1368 1451 1392 exer-

170 1408 245 1444 cita
265 1408 387 1456 plebe,
408 1407 496 1455 quia
514 1414 550 1443 et
571 1407 655 1443 urbi
684 1407 979 1453 multitudinem,
1014 1407 1077 1443 ubi
1110 1420 1200 1443 usus
1231 1420 1306 1443 non
1339 1416 1449 1453 esset,

165 1460 273 1496 oneri
291 1460 443 1496 rebatur
463 1472 560 1505 esse,
592 1466 629 1495 et
659 1459 803 1495 colonis
835 1459 1029 1495 mittendis
1048 1459 1226 1507 occupari
1255 1458 1365 1495 latius
1384 1460 1452 1496 im-

165 1512 258 1561 perii
297 1512 392 1548 fines
428 1511 598 1555 volebat3
646 1511 818 1559 Signiam
856 1511 1100 1559 Circejosque
1138 1511 1291 1548 colonos
1336 1512 1450 1556 misit,

167 1564 341 1612 praesidia
361 1563 443 1599 urbi
465 1563 589 1599 futura
606 1564 704 1599 terra
725 1565 903 1611 marique.
962 1563 1058 1599 Haec
1090 1563 1216 1611 agenti
1237 1571 1497 1611 portentum25

166 1617 330 1652 terribile
352 1616 495 1660 visum3
536 1615 685 1663 anguis,
715 1628 762 1651 ex
792 1616 970 1652 columna
1000 1615 1123 1663 lignea
1155 1615 1314 1664 elapsus,
1335 1629 1452 1664 quum

168 1676 346 1705 terrorem
368 1668 571 1716 fugamque
593 1668 629 1704 in
651 1668 793 1716 regiam
818 1668 982 1714 fecisset,
1016 1668 1132 1715 ipsius
1161 1668 1261 1716 regis
1280 1681 1355 1704 non
1375 1675 1451 1705 tam

167 1721 291 1757 subito
324 1733 457 1768 pavore
486 1720 648 1768 perculit
679 1728 823 1768 pectus,
854 1720 964 1768 quam
996 1720 1118 1756 anxiis
1144 1720 1309 1768 implevit
1338 1721 1450 1757 curis.

167 1772 300 1821 Itaque
320 1785 434 1820 quum
457 1773 503 1808 ad
523 1772 676 1820 publica
707 1773 878 1821 prodigia
908 1772 1059 1809 Etrusci
1089 1773 1239 1809 tantum
1267 1780 1368 1808 vates
1389 1773 1453 1808 ad-

168 1825 402 1870 hiberentur,
423 1825 495 1861 hoc
515 1825 615 1860 velut
635 1825 842 1861 domestico
875 1826 1074 1861 exterritus
1104 1825 1196 1869 visu,
1219 1824 1386 1872 Delphos
1405 1825 1451 1861 ad
1466 1828 1499 1853 3⁰

167 1877 328 1913 maxime
359 1877 543 1924 inclytum
574 1877 611 1912 in
643 1877 752 1912 terris
781 1877 976 1913 oraculum
1007 1877 1154 1913 mittere
1190 1876 1341 1912 statuit:
1387 1889 1455 1913 ne-

167 1942 239 1976 que
277 1941 457 1977 responsa
493 1929 647 1965 sortium
697 1929 760 1965 ulli
801 1929 862 1964 alii
903 1929 1138 1965 committere
1185 1941 1312 1975 ausus,
1359 1929 1453 1965 duos

169 1981 265 2018 filios
284 1994 349 2029 per
376 1981 524 2030 ignotas
552 1981 598 2016 ea
627 1988 849 2029 tempestate
882 1981 1013 2023 terras,
1049 1981 1235 2029 ignotiora
1263 1981 1391 2026 maria,
1414 1981 1452 2017 in

168 2034 358 2070 Graeciam
379 2033 492 2070 misit.
549 2033 662 2069 Titus
681 2040 718 2069 et
738 2033 867 2069 Aruns
892 2033 1072 2082 profecti:
1112 2045 1240 2069 comes
1270 2033 1327 2069 his
1348 2034 1453 2070 addi-

168 2094 228 2122 tus
244 2086 287 2122 L.
309 2086 449 2122 Junius
464 2086 614 2131 Brutus,
645 2085 857 2134 Tarquinia
888 2099 1012 2122 sorore
1043 2085 1143 2134 regis
1162 2094 1286 2131 natus,
1303 2086 1453 2133 juvenis
1466 2094 1500 2119 :³5

168 2138 279 2187 longe
300 2138 395 2175 alius
415 2138 582 2187 ingenio,
598 2139 709 2186 quarm
732 2138 840 2186 cujus
860 2138 1136 2174 simulationem
1159 2138 1343 2174 induerat.
1400 2138 1451 2182 Is,

169 2203 284 2238 quum
307 2191 486 2238 primores
507 2190 682 2236 civitatis,
703 2190 740 2226 in
761 2190 896 2238 quibus
916 2190 1066 2226 fratrem
1090 2203 1198 2226 suum
1220 2190 1267 2225 ab
1287 2203 1454 2227 avuncu-

170 2243 206 2279 lo
226 2242 466 2279 interfectum
488 2243 666 2285 audisset,
688 2255 810 2290 neque
840 2243 877 2279 in
911 2243 1037 2279 animo
1062 2255 1130 2278 suo
1148 2243 1352 2290 quidquam
1374 2243 1452 2292 regi

171 2295 395 2337 timendum,
434 2307 556 2343 neque
586 2295 623 2331 in
664 2295 812 2331 fortuna
853 2295 1202 2342 concupiscendum
1242 2295 1453 2343 relinquere

171 2348 312 2394 statuit,
333 2354 624 2395 contemptuque
646 2354 747 2383 tutus
766 2359 859 2392 esse,
893 2347 956 2383 ubi
978 2347 1015 2383 in
1033 2347 1116 2395 jure
1136 2359 1267 2395 parum
1289 2347 1452 2395 praesidii
1466 2355 1499 2379 40

171 2407 282 2436 esset.
339 2399 441 2448 Ergo
473 2412 520 2435 ex
550 2399 735 2435 industria
769 2399 890 2435 sactus
923 2400 968 2435 ad
1001 2399 1247 2435 imitationem
1272 2399 1451 2444 stultitiae,

172 2465 287 2501 quum
306 2465 345 2489 se
365 2464 505 2501 suaque
526 2451 659 2501 praedae
679 2464 760 2488 esse
780 2451 860 2502 regi
880 2451 1032 2496 sineret,
1055 2451 1160 2489 Bruti
1186 2463 1332 2500 quoque
1353 2451 1453 2489 haud
