1617 2765
114 1730 147 1751 -.·

114 1788 138 1803 V

122 1988 138 2015 :3

121 2030 138 2058 ὲ

117 2203 147 2228 10

590 499 739 536 LIBRI
766 466 987 538 QUARTI

659 633 754 665 CAP.
777 634 792 664 1
804 650 846 657 -
859 633 935 664 VII.

569 901 733 922 EPITOME
750 901 855 922 LIBRI
873 901 1024 929 QUARTI-

200 982 227 1008 1,
243 974 303 1004 Sne.
341 972 410 1002 Lex
427 973 465 1002 de
481 973 640 1002 connubio
657 973 783 1003 Patrum
800 977 831 1003 et
847 974 947 1012 plebis
960 983 977 1003 a
993 973 1123 1003 tribunis
1137 973 1236 1010 plebis
1252 973 1430 1002 contentio-

157 1024 198 1044 ne
209 1024 343 1059 magna,
348 1014 489 1043 Patribus
503 1015 760 1052 repugnantibus,
773 1015 888 1052 perlata
902 1019 960 1044 est.
985 1023 1035 1043 vx.
1048 1023 1068 1042 v
1074 1024 1113 1043 11.
1126 1013 1258 1043 Tribuni
1274 1015 1431 1043 militares.

158 1054 269 1086 Aliquot
281 1054 358 1079 annis
371 1061 410 1078 res
422 1054 513 1085 populi
526 1054 640 1079 Romani
652 1054 722 1078 domi
717 1054 886 1094 militiaeque
899 1063 943 1086 per
956 1055 1006 1079 hoc
1018 1062 1102 1086 genus
1115 1054 1289 1085 magistratus
1307 1054 1432 1078 adminis-

158 1090 234 1111 tratae
246 1091 315 1111 sunt.
351 1086 418 1110 Item
431 1094 552 1111 censores
565 1090 627 1111 tunc
640 1087 754 1117 primum
767 1091 851 1112 crentr
864 1091 934 1111 sunt.
971 1087 1010 1111 Ao
997 1095 1053 1118 ger,
1068 1087 1226 1111 Ardeatibus
1235 1086 1325 1117 populi
1336 1087 1433 1110 Roma-

157 1119 296 1150 nijudicio
308 1119 424 1150 ablatus,
437 1119 522 1143 missis
543 1119 569 1143 in
585 1127 645 1143 eum
659 1120 769 1150 colonis,
783 1120 922 1144 restitutus
935 1123 985 1144 est.
1022 1119 1114 1145 Quum
1127 1119 1195 1143 same
1212 1119 1324 1149 populus
1338 1119 1435 1143 Roma-

157 1159 206 1175 nus
217 1151 361 1182 laboraret
374 1151 419 1182 Sp.
434 1151 547 1182 Manlius,
559 1159 638 1188 eques
659 1152 804 1182 Romanus,
824 1151 984 1176 frumentum
1005 1152 1104 1182 populo
1124 1153 1173 1176 sua
1194 1151 1293 1181 inmens
1282 1152 1311 1175 ἓ.
1324 1151 1434 1182 largitus

157 1191 186 1208 es
189 1187 216 1214 ²3
234 1187 272 1215 et,
285 1183 317 1208 ob
329 1183 355 1208 id
368 1183 468 1208 factum
480 1183 625 1208 conciliat&
635 1184 686 1208 sibi
699 1184 784 1214 plebe,
798 1192 905 1215 regnum
919 1184 1058 1214 affectans,
1071 1192 1087 1208 a
1098 1184 1128 1208 C.
1142 1183 1256 1208 Servilio
1268 1183 1366 1213 Ahala,
1379 1191 1435 1207 ma-

157 1215 240 1246 gistro
253 1216 384 1247 equitum,
391 1216 468 1248 jussu
481 1216 567 1242 Quint
571 1216 589 1240 ii
607 1216 761 1241 Cincinnati
780 1217 931 1246 dictatoris,
954 1217 1059 1241 occisus
1072 1220 1131 1240 est:
1160 1216 1191 1239 L.
1207 1215 1342 1240 Minucius
1356 1202 1434 1239 index

157 1247 224 1272 bove
237 1248 452 1272 auratadonatus
440 1252 515 1272 =.est
551 1248 659 1279 Legatis
677 1249 803 1272 Romanis
820 1256 835 1272 a
857 1248 1029 1273 Fidenatibus
1050 1248 1156 1278 occisis,
1177 1248 1303 1279 quoniam
1321 1248 1354 1271 ob
1366 1256 1435 1272 rem-

157 1279 292 1310 publicam
311 1280 499 1311 occubuerant,
522 1285 618 1305 statute
636 1281 662 1304 in
682 1281 735 1305 Ros
739 1281 785 1305 tris
807 1280 900 1312 positae
919 1284 990 1305 sunt.
1027 1281 1125 1305 Cossus
1144 1280 1293 1309 Cornelius,
1313 1280 1434 1304 tribunus

157 1312 284 1343 militum,
306 1312 396 1336 occiso
413 1312 556 1337 Tolumnio
579 1320 639 1344 rege
661 1313 827 1349 Vejentium,
847 1313 936 1343 opima
953 1312 1039 1343 spolia
1064 1313 1181 1337 secunda
1208 1312 1311 1336 retulit.
1349 1312 1432 1336 Mun.

157 1344 284 1368 AEmilius
296 1344 422 1375 dictator,
433 1352 549 1369 censurae
559 1333 665 1375 honore,
679 1346 723 1376 qui
737 1349 815 1369 antea
827 1353 871 1376 per
884 1345 1090 1376 quinquennium
1104 1345 1257 1381 gerebatur,
1272 1343 1335 1368 anni
1348 1348 1375 1368 et
1387 1352 1433 1368 sex

157 1376 288 1401 mensium
300 1375 388 1407 spatio
399 1376 486 1407 finito,
496 1377 531 1400 ob
542 1384 590 1401 ean
594 1385 601 1400 ι
613 1385 665 1401 rem
678 1385 693 1401 a
705 1378 856 1401 censoribus
868 1381 975 1401 notatus
987 1382 1036 1401 est.
1061 1377 1167 1401 Fidense
1184 1376 1209 1400 in
1223 1380 1384 1406 potestatem
1393 1384 1435 1401 re-

157 1408 252 1438 dactte,
264 1416 347 1439 eoque
360 1408 447 1432 coloni
459 1409 533 1432 missi
545 1413 627 1432 sunt:
645 1410 739 1439 quibus
749 1409 856 1439 occisis,
870 1409 1022 1439 Fidenates,
1042 1417 1122 1440 quum
1135 1409 1233 1432 det'ecis
1236 1412 1303 1438 sent,
1322 1415 1338 1431 a
1351 1408 1433 1433 Mam.

156 1426 269 1464 AEmilio
287 1440 417 1464 dictatore
432 1440 498 1465 victi
510 1444 582 1471 sunt,
602 1444 630 1465 et
651 1441 756 1465 Fidenae
775 1445 869 1471 cuptae.
903 1427 1060 1478 Conjura’tio
1073 1448 1212 1465 servorum
1233 1448 1361 1471 oppressu.
1379 1448 1406 1464 es
1409 1446 1429 1465 t

156 1472 319 1503 Postumius,
332 1472 452 1497 tribunus
465 1459 589 1503 militurn’,
603 1478 707 1503 propter
720 1473 858 1498 erudelita
852 1481 904 1498 -em
916 1474 949 1496 ab
961 1473 1079 1498 exercitu
1092 1473 1197 1498 occisus
1211 1477 1262 1496 est.
1297 1472 1433 1503 Stipendi-

157 1512 201 1529 um
214 1512 248 1529 ex
257 1504 350 1528 aerario
361 1508 418 1528 tum
438 1504 553 1535 primum
574 1505 702 1528 militibus
715 1505 807 1530 datum
819 1508 870 1529 est.
906 1505 960 1529 Res
983 1510 1110 1536 praeterea
1130 1508 1216 1536 gestas
1231 1504 1354 1528 adversus
1368 1504 1434 1529 Vol-

156 1540 268 1604 εοοὲὀιοὲ.
278 1536 430 1569 Fidenates,
441 1539 468 1562 ct
481 1536 610 1569 muscos,
622 1537 750 1563 continet
772 1537 854 1572 [Cn.
869 1544 995 1563 1-in
1021 1544 1048 1564 u
1060 1545 1087 1563 c.
1101 1524 1266 1562 310.-351.
1308 1537 1434 1563 mcvi-12

211 1721 242 1758 I.
299 1748 464 1759 .....
494 1721 547 1758 Μ.
567 1723 764 1759 Genucius
792 1730 829 1759 et
847 1722 892 1759 C.
913 1722 1068 1759 Curtius
1100 1721 1286 1758 consules.
1344 1721 1434 1758 Fuit

159 1786 280 1810 annus
298 1773 399 1810 domi
419 1773 580 1822 forisque
597 1775 775 1810 infestus.
809 1787 895 1810 nam
919 1775 1007 1810 anni
1023 1773 1206 1822 principio
1225 1780 1262 1809 et
1281 1773 1327 1809 de
1344 1786 1434 1810 con-

121 1819 274 1883 ssnubio
293 1825 444 1862 Parrum
464 1832 501 1861 et
519 1826 638 1874 plebis
671 1826 715 1862 C.
737 1826 956 1883 Canulejus,
984 1826 1155 1862 tribunus
1176 1825 1306 1873 plebis,
1327 1837 1434 1873 roga-

121 1868 298 1914 tionem
318 1877 586 1925 promulgavit3
616 1890 689 1925 qua
709 1878 957 1914 contaminari
988 1878 1212 1926 sanguinem
1232 1889 1342 1912 suum
1364 1877 1434 1913 Pa-

113 1928 244 1976 ξῑῐεε,
266 1929 551 1977 confundique'
539 1942 622 1978 Jura
641 1930 824 1978 gentium,
845 1929 1047 1965 rebantur.
1076 1937 1114 1965 et
1133 1928 1287 1974 mentio,
1311 1928 1430 1976 primo

158 1981 295 2018 sensim
316 1981 418 2017 illata
437 1993 459 2016 a
478 1981 649 2024 tribunis,
685 1988 724 2017 ut
749 1981 907 2017 alterum
927 1994 972 2017 ex
991 1981 1099 2029 plebe
1129 1980 1324 2017 consulem
1344 1980 1431 2016 lice-

114 2040 214 2072 .,.ret
232 2032 325 2076 fieri,
346 2031 390 2069 εό
409 2033 591 2082 processit
619 2033 768 2077 deinde,
802 2040 844 2069 ut
875 2033 1105 2082 rogationem
1139 2045 1272 2069 novem
1292 2032 1432 2068 tribuni

157 2084 449 2133 promulgarent,
469 2086 492 2106 “
506 2093 546 2121 ut
565 2085 700 2133 populo
712 2091 874 2133 potestas
885 2092 996 2127 esset,
1018 2097 1085 2121 seu
1101 2085 1147 2120 de
1166 2084 1288 2132 plebe,
1305 2096 1373 2119 seu
1386 2084 1432 2120 de

160 2140 184 2159 “
197 2136 368 2173 Patribus
379 2136 502 2179 vellet,
516 2137 690 2173 consules
702 2136 902 2173 faciendi.'’
933 2137 978 2172 Id
994 2135 1080 2172 vero
1095 2137 1125 2172 si
1139 2136 1254 2181 fieret,
1268 2148 1343 2172 non
1358 2135 1433 2171 vul-

159 2188 238 2236 gari
258 2187 366 2224 mod&
385 2200 473 2224 cum
492 2188 643 2231 infimis,
661 2189 726 2224 sed
746 2201 896 2237 prorsus
911 2188 1048 2224 auferri
1081 2201 1104 2224 a
1140 2188 1366 2235 primoribus
1386 2188 1430 2224 ad

160 2239 321 2287 plebem,
350 2252 538 2276 summum
557 2240 754 2289 imperium
775 2241 991 2276 credebant.
1048 2240 1143 2276 Laeti
1162 2252 1252 2288 ergo
1281 2239 1433 2275 audiere

162 2290 302 2333 Patres,
324 2291 545 2328 Ardeatium
564 2292 742 2341 populum
773 2292 821 2328 ob
854 2292 1028 2341 injuriam
1049 2292 1127 2341 agri
1148 2291 1352 2339 abjudicati
1372 2291 1434 2327 de-

161 2342 292 2385 scisse,
320 2349 358 2378 et
395 2342 572 2391 Vejentes
600 2345 842 2392 depopulatos
873 2351 1044 2381 extrema
1080 2344 1159 2392 agri
1188 2343 1368 2389 Romani,
1397 2349 1434 2379 et

163 2395 321 2431 Volscos
341 2393 555 2442 AEquosque
587 2396 635 2432 ob
663 2396 933 2432 communitam
964 2396 1215 2445 Verruginem
1250 2395 1432 2431 fremere:

122 2463 151 2488 15
164 2445 255 2483 ades
277 2445 332 2483 vel
353 2445 484 2482 infelix
504 2446 640 2484 bellum
663 2448 922 2496 ignominiosae
942 2448 1026 2497 paci
1046 2448 1304 2497 praeferebant.
1363 2445 1434 2482 His
