1638 2765
579 177 716 208 LIBER
739 177 766 207 Ι.
811 185 893 207 CAP.
910 186 1009 208 xxrv.
1389 179 1442 218 23

157 273 241 322 plus
277 273 441 322 quinque
478 272 595 308 millia
630 284 808 320 passuum
855 272 994 315 locant,
1035 271 1133 308 fossa
1170 272 1410 311 circumdant
1430 287 1439 312 ε

158 326 257 362 fossa
277 325 415 362 Cluilia
434 324 481 360 ab
515 325 668 361 nomine
688 324 796 361 ducis
825 337 891 373 per
921 324 1061 372 aliquot
1089 325 1229 361 saecula
1257 327 1443 373 appellata

157 385 226 423 est,
246 377 369 413 donec
389 389 475 414 cum
496 390 535 414 re
556 389 694 413 nomen
714 389 860 425 quoque
881 384 1064 413 vetustate
1085 377 1257 413 abolevit.
1316 377 1362 413 In
1384 379 1442 415 his

156 429 287 465 castris
326 430 488 466 Cluilius
521 430 695 466 Albanus
730 442 796 466 rex
826 429 1006 465 moritur·
998 458 1006 473 ⁷
1046 429 1268 465 dictatorem
1300 430 1441 467 Albani

127 480 320 521 5Mettum
340 482 544 518 Fuffetium
566 489 708 518 creant.
766 481 923 517 Interim
945 481 1083 518 Tullus
1104 482 1220 528 ferox,
1250 482 1440 531 praecipue

154 540 273 569 morte
303 534 416 583 regis,
458 547 712 583 magnumque
748 534 917 570 Deorum
946 547 1103 580 numen,
1133 534 1180 570 ab
1209 534 1289 582 ipso
1318 535 1442 582 capite

154 597 294 632 orsum,
315 586 353 623 in
373 599 485 623 omne
505 600 644 623 nomen
665 587 858 622 Albanum
878 565 1130 644 expetiturum
1150 599 1281 634 poenas
1299 587 1347 623 ob
1368 587 1444 624 bel-

153 636 261 673 lum
252 639 408 687 impium
428 639 620 686 dictitans,
640 646 765 682 nocte,
799 638 997 687 praeteritis
1031 639 1193 675 hostium
1220 639 1366 682 eastris,
1388 640 1443 676 in-

154 688 249 726 festo
268 692 437 728 exercitu
457 691 496 728 in
516 704 649 740 agrum
671 691 864 727 Albanum
885 691 1018 739 pergit.
1076 691 1134 727 Ea
1153 704 1212 727 res
1232 691 1279 726 ab
1299 692 1442 728 stativis

111 755 141 781 10
154 741 292 779 excivit
312 743 502 780 Mettum:
545 744 664 790 ducit,
697 745 814 792 quam
848 743 1018 791 proxime
1053 744 1099 780 ad
1126 744 1270 780 hostem
1293 751 1440 791 potest3

154 792 242 830 inde
263 795 427 844 legatum
458 796 693 844 praemissum
728 795 902 832 nuntiare
937 795 1053 832 Tullo
1082 796 1202 844 jubet,
1223 796 1441 844 priusquam

155 845 356 891 dimicent,
389 861 484 897 opus
516 861 598 884 esse
632 848 841 896 colloquio:
889 847 919 884 si
954 861 1084 884 secum
1122 861 1348 897 congressus
1381 849 1440 895 sit,

162 898 252 933 satis
272 900 382 946 scire,
415 913 461 936 ea
494 913 533 936 se
554 900 764 946 allaturum,
795 912 877 947 quae
910 901 1029 936 nihilo
1049 900 1171 936 mimis
1195 900 1241 936 ad
1262 913 1341 936 rem
1362 901 1442 937 Ro-

153 961 318 998 manam,
339 952 450 999 quam
481 952 528 988 ad
550 952 752 994 Albanam,
774 952 999 1000 pertineant.
1057 952 1171 988 Haud
1193 952 1441 1000 adspernatus

62 1018 66 1023 ·
110 1016 141 1041 15
153 1000 303 1047 Tullus,
325 1004 473 1040 tametsi
493 1016 589 1040 vana
608 1004 872 1048 afferebantur,
891 1004 928 1039 in
946 1004 1068 1040 aciem
1088 1005 1229 1040 educit.
1285 1004 1442 1053 Exeunt

153 1056 285 1092 contra
317 1063 356 1092 et
388 1056 542 1093 Albani.
612 1056 813 1105 Postquam
848 1056 1022 1092 instructi
1056 1056 1243 1104 utrimque
1277 1057 1439 1104 stabant,

153 1117 242 1143 cum
274 1109 407 1156 paucis
439 1121 638 1157 procerum
673 1109 711 1145 in
745 1109 913 1145 medium
947 1109 1066 1145 duces
1098 1109 1321 1157 procedunt.
1379 1109 1439 1146 Ibi

153 1157 235 1196 infit
254 1161 454 1197 Albanus:
511 1163 534 1183 “
552 1161 727 1210 Injurias,
762 1169 800 1198 et
832 1174 907 1197 non
941 1161 1107 1197 redditas
1136 1174 1194 1197 res
1214 1174 1262 1197 ex
1284 1161 1438 1206 foedere,

152 1211 177 1231 ‘⁶
192 1224 275 1260 quae
295 1214 461 1262 repetitae
482 1213 569 1257 sint,
590 1223 628 1250 et
646 1226 717 1262 ego
737 1226 864 1263 regem
885 1220 1053 1250 nostrum
1071 1214 1266 1256 Cluilium,
1284 1226 1439 1251 causam

108 1263 176 1301 ’.ὀίς
193 1264 351 1314 hujusce
370 1278 453 1302 esse
474 1266 575 1309 belli,
597 1267 747 1302 audisse
781 1266 909 1302 videor
927 1279 935 1302 :
982 1278 1055 1302 nec
1089 1273 1125 1302 te
1145 1266 1287 1311 dubito,
1309 1266 1438 1314 Tulle,

153 1316 177 1336 “
193 1318 326 1354 eadem
346 1331 421 1366 prae
441 1325 477 1354 te
499 1318 594 1354 ferre
613 1331 620 1355 t
664 1319 742 1363 sed,
777 1319 807 1354 si
834 1330 920 1354 vera
939 1317 1077 1366 potius,
1098 1317 1210 1366 quam
1233 1318 1338 1354 dictu
1358 1332 1440 1367 spe-

153 1368 178 1389 “
194 1369 310 1416 ciosa,
329 1370 493 1406 dicenda
512 1377 612 1413 sunt,
634 1370 772 1418 cupido
791 1370 938 1418 imperii
965 1371 1059 1406 duos
1079 1378 1260 1419 cognatos
1280 1371 1440 1408 vicinos-

153 1421 265 1470 “que
284 1423 441 1471 populos
474 1423 520 1459 ad
554 1435 657 1458 arma
690 1422 868 1459 stimulat.
925 1422 1075 1470 Neque,
1110 1423 1212 1459 recte
1240 1436 1286 1459 an
1307 1436 1439 1472 perpe-

152 1473 177 1495 “
194 1486 286 1517 ram,
321 1475 569 1522 interpretor:
617 1474 728 1510 fuerit
748 1475 818 1510 ista
837 1475 918 1523 ojus
944 1475 1179 1518 deliberatio,
1213 1476 1277 1523 qui
1299 1476 1438 1512 bellum

107 1526 177 1562 ξι(
193 1526 358 1575 suscepit
376 1539 383 1562 :
441 1539 502 1562 me
536 1526 675 1562 Albani
719 1527 887 1575 gerendo
929 1527 1027 1563 bello
1069 1527 1207 1563 ducem
1250 1529 1437 1564 creavere.

152 1579 176 1600 “
194 1577 292 1615 Illud
312 1586 360 1624 te,
382 1578 510 1624 Tulle,
531 1579 715 1615 monitum
735 1579 869 1615 velim:
911 1579 1073 1615 Etrusca
1088 1591 1161 1626 res,
1176 1587 1315 1628 quanta
1335 1580 1440 1616 circa

153 1632 177 1652 “
193 1642 262 1667 nos
281 1637 391 1679 teque
411 1630 572 1667 maxime
594 1631 652 1674 sit,
673 1644 747 1679 quo
769 1632 960 1680 propiores
994 1644 1070 1678 vos,
1104 1632 1177 1668 hoc
1211 1632 1331 1681 magis
1351 1633 1437 1669 seis.

152 1684 177 1705 “
193 1681 356 1719 Multum
377 1683 430 1720 illi
459 1684 570 1726 terra,
603 1683 805 1732 plurimiim
839 1684 932 1720 mari
966 1684 1118 1732 pollent.
1176 1684 1324 1721 Memor
1344 1692 1437 1728 esto,

153 1734 281 1784 “jam,
301 1748 417 1784 quum
437 1735 587 1784 signum
608 1749 745 1784 pugnae
766 1736 885 1782 dabiS‚
906 1737 973 1772 has
993 1736 1087 1772 duas
1103 1736 1205 1772 acies
1221 1737 1439 1785 spectaculo

108 1789 177 1823 ³0“
193 1787 295 1832 fore3
343 1795 384 1825 ut
417 1788 535 1825 fessos
567 1788 849 1836 confectosque,
884 1788 993 1824 simul
1015 1788 1195 1825 victorem
1216 1801 1261 1825 ac
1282 1789 1436 1833 victum,

152 1843 176 1864 “
192 1840 473 1899 aggrediantur.
543 1840 689 1888 Itaque,
723 1840 753 1876 si
787 1853 856 1877 nos
889 1840 952 1876 Dii
987 1848 1127 1883 amant,
1148 1842 1340 1899 quoniam,
1360 1854 1436 1878 non

151 1895 175 1916 “
192 1893 362 1931 contenti
394 1893 566 1930 libertate
608 1893 725 1938 certa,
768 1893 807 1929 in
845 1893 999 1929 dubiam
1037 1893 1184 1942 imperii
1222 1894 1438 1942 servitiique

152 1945 343 1984 “aleam
334 1958 443 1991 lmus,
465 1945 637 1982 ineamus
670 1945 833 2003 aliquam
866 1945 978 1988 viam,
1011 1958 1086 1994 qua
1115 1945 1188 1982 utri
1208 1946 1301 1982 utris
1321 1946 1439 1994 impe-

152 2001 177 2022 “
192 2006 303 2043 rent‚·
322 1998 404 2034 sine
437 2009 574 2046 magna
607 1997 728 2041 clade,
763 1998 844 2034 sine
878 1998 995 2034 multo
1028 1998 1213 2046 sanguine
1245 1998 1438 2047 utriusque

107 2054 176 2084 35“
192 2051 332 2101 populi,
353 2050 509 2087 decerni
529 2050 681 2098 possit.''
741 2049 855 2086 Haud
876 2050 1050 2098 displicet
1083 2064 1142 2086 res
1162 2050 1290 2094 Tullo,
1310 2063 1438 2098 quam-

152 2117 278 2153 quam,
305 2110 384 2140 tum
418 2101 545 2139 indole
578 2102 708 2149 animi,
743 2109 821 2138 tum
856 2115 921 2150 spe
954 2102 1133 2145 victoriae,
1166 2102 1324 2139 ferocior
1344 2110 1436 2139 erat.

152 2155 424 2196 Quaerentibus
443 2154 630 2203 utrimque
650 2154 743 2191 ratio
763 2154 891 2198 initur,
928 2154 990 2192 cui
1020 2161 1058 2191 et
1078 2154 1227 2192 fortuna
1246 2155 1328 2204 ipsa
1345 2167 1438 2204 prae-

155 2208 236 2245 buit
254 2208 462 2245 materiam.

207 2312 358 2349 XXIV.
401 2313 514 2350 Forte
535 2312 574 2350 in
594 2312 742 2349 duobus
761 2320 839 2349 tum
860 2312 1089 2349 exercitibus
1119 2320 1226 2349 erant
1245 2312 1437 2362 trigemini

110 2373 142 2398 ⁴0
156 2364 299 2407 fratres,
321 2377 392 2401 nec
412 2372 521 2402 aetate
541 2378 614 2402 nec
634 2366 774 2402 viribus
794 2366 976 2414 dispares.
1035 2366 1212 2402 Horatios
1233 2365 1438 2401 Curiatios-

153 2430 227 2466 que
262 2417 388 2459 suisse,
422 2417 510 2453 satis
543 2424 714 2462 constat;
763 2430 834 2454 nec
869 2418 985 2454 ferme
1018 2431 1078 2454 res
1111 2418 1264 2465 antiqua
1290 2417 1362 2452 alia
1381 2422 1438 2452 est

155 2469 339 2507 nobilior:
382 2476 506 2506 tamen
535 2469 573 2506 in
605 2482 645 2506 re
678 2477 753 2507 tam
787 2470 888 2507 clara
920 2470 1118 2507 nominum
1151 2482 1251 2506 error
1285 2474 1436 2506 manet:
