1617 2765
152 181 225 218 174
686 182 776 213 TlTI
800 182 910 214 LIVII

148 274 334 323 utrimque
353 276 457 313 caede
478 276 625 320 initum,
646 284 683 313 et
702 290 786 326 pars
805 278 902 314 arcis
923 284 1032 325 capta
1051 285 1118 314 est.
1174 277 1343 314 Tentata
1361 276 1425 315 de-

148 326 236 362 inde
256 339 320 375 per
339 328 432 364 duos
451 337 507 365 est
526 329 666 378 exigua
685 330 788 378 pacis
821 343 918 387 spes,
951 330 1136 366 Alconem
1158 329 1423 379 Saguntinum,

147 386 185 415 et
204 379 385 416 Alorcum
407 380 632 429 Hispanum.
689 382 827 427 Alcon,
850 382 978 417 insciis
996 382 1228 430 Saguntinis,
1250 382 1424 430 precibus

148 429 287 478 aliquid
309 439 493 469 moturum
516 440 631 480 raum,
650 446 764 481 quum
798 433 843 469 ad
868 433 1121 469 Hannibalem
1144 441 1256 470 noctu
1277 434 1426 470 transis·

147 489 216 526 set,
237 491 430 531 postquam
451 485 541 520 nihil
563 485 737 533 lacrymae
768 485 979 528 movebant,
1015 485 1323 534 conditionesque
1345 485 1426 522 tris·
1453 494 1470 519 5

147 541 215 578 teS,
238 542 278 571 ut
297 536 344 571 ab
363 536 456 572 irato
476 536 628 583 victore,
650 537 877 580 ferebantur,
898 537 1093 585 transfuga
1121 549 1166 573 ex
1182 545 1327 573 oratore
1348 537 1425 574 fac-

147 593 219 629 tus,
249 588 346 635 apud
391 588 534 632 hostem
575 589 732 633 mansit;
781 589 998 625 moriturum
1033 589 1235 634 affirmans
1263 589 1325 637 qui
1354 589 1424 625 sub

146 638 427 675 conditionibus
448 639 504 675 his
523 640 569 676 de
589 653 683 688 pace
703 648 842 689 ageret.
901 641 1161 677 Postulabatur
1183 650 1321 684 autem,
1342 642 1425 677 red-

146 690 279 727 derent
298 704 357 727 res
377 691 609 728 Turdetanis
626 707 634 737 ;
664 693 873 740 traditoque
892 693 995 729 omni
1016 705 1106 730 auro
1126 700 1234 741 atque
1255 700 1422 742 argento,

146 743 287 790 egressi
319 743 410 779 urbe
443 755 531 779 cum
565 743 723 792 singulis
759 744 992 780 vestimentis
1022 745 1073 780 ibi
1107 745 1329 791 habitarent,
1360 745 1469 781 ubilo

147 793 286 830 Poenus
301 795 484 843 jussisset.
542 795 623 831 Has
642 795 748 844 pacis
766 795 871 844 leges
905 796 1094 832 abnuente
1125 797 1271 833 Alcone
1291 809 1425 845 accep-

146 853 247 882 turos
267 847 509 895 Saguntinos,
520 847 704 906 'Alorcus‚
726 847 825 884 vinci
856 847 1013 894 animm,
1044 848 1107 884 ubi
1124 848 1195 884 alia
1214 848 1423 895 vincantur,

146 897 346 944 affirmans,
376 911 416 935 se
444 899 548 948 pacis
576 899 658 949 ejus
687 899 928 948 interpretem
958 900 1035 936 fore
1064 899 1273 948 pollicetur.
1331 900 1425 938 Erat

146 956 271 986 autem
301 957 379 987 turn
408 952 516 988 miles
537 952 777 994 Hannibalis,
812 951 991 988 caeterum
1021 952 1170 1000 publice
1203 953 1424 1001 Saguntinis

146 1002 290 1038 amicus
310 1010 420 1051 atque
447 1004 592 1052 hospes.
649 1004 808 1040 Tradito
837 1003 961 1052 palam
992 1004 1065 1040 telo
1094 1005 1313 1041 custodibus
1343 1005 1422 1041 hos·
1439 1014 1468 1038 15

144 1053 252 1097 tium,
273 1061 528 1104 transgressus
548 1056 795 1099 munimenta,
816 1056 862 1092 ad
882 1063 1076 1116 praetorem
1094 1057 1346 1104 Saguntinum
1370 1057 1425 1105 (et

145 1105 223 1154 ipse
244 1106 295 1143 ita
310 1107 485 1164 jubebat)
505 1114 561 1144 est
580 1108 791 1144 deductus:
833 1107 905 1156 qut]
925 1121 1038 1156 quum
1059 1109 1245 1156 extemplo
1266 1121 1424 1145 concur-

145 1170 208 1194 sus
237 1171 360 1194 omnis
392 1159 543 1207 generis
580 1160 774 1196 hominum
804 1166 903 1196 esset
932 1160 1063 1205 factuS,
1085 1161 1258 1196 submota
1286 1162 1424 1198 caetera

145 1209 399 1254 multitudine,
428 1218 581 1248 senatus
610 1211 750 1248 Alorco
783 1211 891 1248 datus
919 1219 1000 1248 est:
1047 1212 1156 1261 cujus
1194 1212 1278 1249 talis
1306 1213 1424 1250 oratio

145 1261 238 1299 fuit:
1435 1273 1468 1299 ω

195 1366 312 1404 XIII.
342 1370 366 1391 “
383 1369 424 1406 Si
445 1369 537 1407 civis
566 1377 686 1408 vester
716 1370 854 1418 Alcon,
883 1370 981 1407 sicut
1000 1371 1044 1407 ad
1066 1383 1199 1419 pacem
1220 1371 1421 1419 petendam

143 1420 167 1441 ‘⁴
181 1420 228 1456 ad
249 1421 505 1458 Hannibalern
526 1422 639 1466 venit,
671 1423 722 1460 ita
750 1423 854 1472 pacis
884 1423 1120 1460 conditiones
1140 1423 1186 1459 ab
1208 1423 1423 1460 Hannibale

142 1472 227 1508 “ad
256 1485 320 1510 vos
358 1474 558 1517 retulisset,
599 1488 921 1524 supervacaneum
959 1476 1031 1511 hoc
1060 1475 1150 1511 mihi
1181 1475 1309 1511 fuisset
1339 1476 1420 1519 iter,

142 1525 252 1572 “quo
280 1537 353 1562 nec
381 1534 502 1563 orator
535 1527 772 1574 Hannibalis,
801 1540 873 1563 nec
902 1527 1106 1575 transfuga,
1137 1527 1181 1563 ad
1212 1539 1275 1563 vos
1305 1527 1422 1563 venis-

142 1577 166 1598 “
179 1589 271 1613 sem.
324 1577 458 1617 Quum
479 1578 554 1622 ille,
575 1586 639 1615 aut
659 1579 779 1615 vestra
799 1586 862 1615 aut
881 1579 950 1615 sua
969 1579 1092 1627 culpa,
1124 1579 1303 1615 manserit
1323 1580 1467 1627 apud25

142 1630 167 1651 “
181 1629 339 1673 hostem,
370 1629 419 1680 (si
451 1638 592 1667 metum
613 1631 815 1677 simulavit,
849 1631 943 1675 sua;
991 1631 1122 1677 vestra,
1151 1630 1181 1666 si
1210 1631 1421 1678 periculum

142 1683 166 1704 “
179 1689 236 1718 est
255 1682 352 1730 apud
373 1695 437 1719 vos
454 1695 542 1719 vera
557 1683 824 1733 referentibus)
837 1696 921 1732 ego,
942 1695 990 1719 ne
1007 1683 1241 1731 ignoraretis,
1259 1695 1341 1719 esse
1358 1683 1422 1719 ali-

142 1736 271 1781 “quas
290 1743 327 1770 et
346 1734 476 1771 salutis
495 1742 533 1771 et
550 1735 654 1783 pacis
684 1735 788 1771 vobis
820 1735 1070 1781 conditiones,
1091 1747 1155 1783 pro
1176 1742 1319 1771 vetusto
1340 1735 1421 1772 hos-

142 1786 270 1834 “pitio
289 1787 388 1834 quod
408 1787 499 1823 mihi
520 1787 711 1824 vobiscum
740 1794 809 1833 est,
840 1788 884 1823 ad
903 1800 966 1824 vos
987 1787 1081 1823 veni.
1139 1787 1275 1823 Vestra
1295 1794 1420 1823 autem

141 1839 294 1874 “causa
323 1851 395 1882 me,
427 1851 499 1875 nec
527 1839 639 1876 ullius
658 1839 821 1885 alterius,
843 1839 954 1887 loqui,
975 1852 1057 1887 quae
1078 1839 1206 1886 loquor
1226 1839 1323 1886 apud
1343 1851 1419 1885 vos,
1433 1848 1466 1874 3ο

141 1893 165 1914 “
181 1889 234 1925 vel
254 1902 300 1926 ea
319 1890 411 1926 fides
431 1891 490 1933 sit,
511 1891 624 1938 quod,
646 1904 768 1938 neque
787 1892 876 1927 dum
911 1891 1041 1927 vestris
1061 1891 1201 1926 viribus
1220 1890 1418 1935 restitistis,

141 1946 300 1989 “neque
331 1942 421 1977 dum
448 1943 586 1978 auxilia
615 1943 660 1978 ab
692 1943 873 1979 Romanis
902 1942 1091 1990 sperastis,
1119 1942 1224 1990 pacis
1255 1955 1418 1990 unquam

140 1994 276 2041 “apud
314 2006 378 2030 vos
406 1994 635 2030 mentionem
674 1994 757 2031 feci.
814 1994 1013 2041 Postquam
1052 2006 1123 2030 nec
1157 1994 1203 2029 ab
1234 1994 1420 2031 Romanis

141 2046 282 2082 “vobis
302 2046 377 2082 ulla
395 2058 480 2094 spes
498 2053 567 2089 est,
588 2058 660 2082 nec
680 2054 801 2082 vestra
815 2045 892 2095 jam
914 2054 977 2081 aut
997 2058 1099 2081 arma
1113 2059 1174 2082 vos
1195 2054 1258 2082 aut
1279 2047 1420 2083 moenia

141 2098 267 2134 “satis
287 2097 508 2143 defendunt,
529 2111 659 2146 pacem
682 2098 795 2135 affero
828 2098 874 2134 ad
905 2110 968 2134 vos
1001 2098 1120 2147 magis
1153 2098 1465 2144 necessariam,ae

142 2150 288 2197 “quam
309 2163 478 2198 aequarn:
508 2150 616 2199 cujus
636 2151 686 2187 ita
705 2150 828 2198 aliqua
859 2162 944 2198 spes
963 2157 1032 2196 est,
1063 2150 1093 2186 si
1126 2163 1209 2186 eam
1242 2151 1420 2198 quemad-

141 2202 345 2248 “modum,
366 2209 406 2238 ut
425 2202 554 2249 victor,
576 2203 645 2239 fert
667 2202 870 2248 Hannibal,
904 2202 958 2238 sic
979 2215 1042 2238 vos
1062 2209 1102 2238 ut
1122 2202 1209 2238 victi
1231 2203 1416 2239 audiatis:

139 2259 165 2280 “
178 2253 209 2289 si
238 2266 312 2290 non
343 2254 393 2297 id,
423 2255 521 2302 quod
551 2255 744 2299 amittitur,
765 2254 801 2290 in
823 2254 961 2290 damno
976 2253 1109 2302 (quum
1121 2254 1249 2290 omnia
1268 2254 1419 2292 victoris

140 2312 164 2333 (ί
177 2305 283 2356 sint),
304 2306 383 2349 sed,
403 2307 582 2355 quidquid
603 2307 836 2355 relinquitur,
864 2319 929 2354 pro
949 2319 1103 2343 munere
1125 2307 1285 2343 habituri
1315 2306 1416 2343 estis.

140 2357 317 2394 “Urbem
339 2358 455 2404 vobis,
475 2372 585 2406 quam
606 2371 653 2394 ex
672 2360 807 2408 magna
837 2359 914 2407 jam
947 2366 1051 2407 parte
1071 2359 1246 2402 dirutam,
1268 2366 1416 2407 captam
1430 2367 1462 2393 4ο

141 2418 163 2437 ‘⁴
179 2409 254 2446 fere
274 2417 388 2446 totam
409 2410 533 2457 habet,
554 2411 708 2455 adimit3
751 2423 858 2459 agros
892 2410 1078 2459 relinquit,
1109 2411 1231 2447 locum
1253 2411 1417 2459 assigna-

140 2470 163 2492 ‘⁴
178 2469 294 2506 turus,
324 2462 362 2499 in
391 2475 463 2511 quo
491 2475 629 2500 novum
657 2463 834 2512 oppidum
865 2463 1080 2500 aedificetis:
1124 2475 1255 2500 aurum
1285 2474 1416 2512 argen-
