1617 2765
568 180 707 212 LIBER
732 181 787 211 1V.
833 191 988 213 CAP.111.
1372 187 1447 224 107

164 275 327 313 “omnia
346 289 421 312 non
442 275 625 312 mitiorem
648 275 684 311 in
707 288 746 311 se
765 275 927 324 plebem,
959 276 1023 311 sed
1055 276 1283 324 asperiorem
1306 278 1378 314 alia
1397 292 1444 316 ex

163 328 283 364 “aliis
302 327 485 375 iniquiora
513 327 749 375 postulando,
780 340 893 375 quum
924 327 1044 375 prima
1073 327 1323 375 impetrasset,
1346 330 1443 367 futu-

164 383 188 402 “
201 392 293 422 ram,
314 377 432 427 primo
452 379 657 426 quamlibet
673 379 955 415 dimicationem
969 379 1156 415 subituros
1176 379 1289 415 fuisse
1302 382 1440 428 potius,

162 431 309 478 “quam
329 442 393 466 eas
412 429 516 478 leges
536 431 606 467 sibi
626 430 766 478 imponi
787 438 1014 479 paterentur.
1060 430 1168 469 Quia
1187 437 1265 466 tum
1287 444 1442 470 conces-

132 491 148 515 5
162 484 185 505 “
199 494 281 517 sum
298 482 345 518 sit
365 482 410 518 de
431 482 603 524 tribunis,
625 482 758 518 iterum
776 494 999 518 concessum
1013 495 1107 518 esse.
1138 482 1273 518 Finem
1287 496 1361 519 non
1379 484 1440 520 fie-

160 537 185 556 “
197 533 226 569 ri
243 546 250 569 ;
280 546 354 569 non
375 546 482 582 posse
499 533 536 570 in
551 534 685 570 eadem
703 534 853 570 civitate
873 534 1042 570 tribunos
1058 534 1176 582 plebis
1188 541 1225 570 et
1241 534 1370 571 Patres
1385 549 1440 572 es-

160 588 183 608 “
197 597 237 621 se
255 598 262 621 :
284 592 347 621 aut
360 585 462 621 hunc
477 586 662 632 ordinem,
676 593 740 622 aut
756 586 859 622 illum
872 585 1145 634 magistratum,
1160 586 1365 623 tollendum
1383 601 1438 624 es-

158 640 183 660 “
196 649 235 672 se
252 649 261 672 ε
303 637 497 685 potiusque
518 636 612 681 sero,
626 638 736 685 quam
750 650 941 685 nunquam
969 638 1115 674 obviam
1132 639 1298 674 eundum
1323 640 1437 676 auda-

157 691 181 711 “
195 688 264 724 ciae
283 689 567 737 temeritatique.
598 689 708 725 Illine
722 697 761 725 ut
782 689 933 738 impune
955 688 1072 738 primo
1093 690 1299 727 discordias
1312 704 1437 727 seren-

113 748 143 772 10
157 743 181 764 “
195 746 251 776 tes
271 741 464 777 concitent
484 741 642 777 finitima
663 741 772 784 bella,
807 741 944 777 deinde
972 742 1149 778 adversus
1169 754 1225 785 ea,
1247 755 1328 790 quae
1349 756 1435 779 con·

157 795 181 815 “
194 792 404 839 citaverint,
434 793 566 829 armari
598 793 787 829 civitatem
816 793 1043 841 defendique
1071 794 1328 842 prohibeant?
1384 803 1434 842 et,

157 847 307 891 “quum
329 845 454 881 hostes
482 843 625 881 tantum
646 857 720 881 non
755 844 1006 891 arcessierint‚
1027 845 1217 881 exercitus
1245 847 1433 883 conscribi

156 899 180 919 “
196 896 373 932 adversus
390 896 514 932 hostes
527 909 600 932 non
614 897 801 944 patiantur
816 897 830 932 Τ
860 897 935 932 Sed
952 898 1088 933 audeat
1101 897 1308 946 Canulejus
1323 898 1362 934 in
1378 911 1434 934 se-

155 951 179 970 “
193 954 283 983 natu
304 947 483 995 proloqui,
504 960 557 990 se,
579 948 650 983 nisi
671 961 757 983 suas
776 948 889 996 leges,
907 955 1097 995 tamquam
1116 949 1281 993 victoris,
1303 950 1433 986 Patres

111 1008 140 1032 15
154 1002 179 1021 “
193 998 314 1046 accipi
334 998 472 1044 sinant,
489 999 677 1035 delectum
695 999 823 1035 haberi
844 999 1116 1047 prohibiturum
1135 1012 1143 1036 ε
1172 1001 1260 1048 quid
1275 1013 1355 1036 esse
1370 1001 1434 1037 ali-

153 1052 178 1073 “
199 1050 261 1095 ud,
281 1049 393 1098 quam
415 1050 562 1093 minari,
579 1063 618 1086 se
634 1051 866 1098 proditurum
883 1050 1039 1099 patriam
1055 1052 1068 1086 Ἰ
1097 1052 1306 1100 oppugnari
1323 1059 1432 1100 atque

153 1106 174 1122 “
187 1101 271 1150 capi
292 1114 489 1150 passurum
507 1103 522 1138 ’.Ρ
551 1102 641 1150 quid
653 1115 736 1138 eam
753 1115 881 1139 vocem
899 1102 1121 1148 animorum,
1142 1116 1216 1139 non
1238 1103 1337 1152 plebi
1355 1105 1433 1141 Ro-

153 1156 178 1176 “
191 1166 325 1197 manae,
347 1154 412 1190 sed
435 1154 582 1190 Volscis
597 1161 635 1190 et
655 1154 788 1202 AEquis
803 1162 840 1190 et
852 1154 1077 1203 Vejentibus
1089 1155 1294 1191 allaturam.
1325 1156 1430 1192 Non-

152 1208 176 1228 “
189 1218 252 1252 ne,
272 1205 457 1254 Canulejo
476 1206 587 1252 duce,
620 1218 659 1242 se
693 1213 903 1254 speraturos
923 1206 1151 1254 Capitolium
1172 1213 1280 1254 atque
1302 1220 1429 1244 arcem

104 1260 176 1293 204⁶
189 1257 371 1294 scandere
391 1270 512 1306 posse,
542 1258 572 1294 si
593 1258 766 1294 Patribus
785 1258 938 1301 tribuni,
969 1270 1056 1294 cum
1069 1259 1152 1307 jure
1172 1271 1217 1294 ac
1237 1259 1429 1308 majestate

151 1312 175 1331 “
189 1309 375 1357 adempta,
397 1310 542 1346 animos
561 1310 672 1346 etiam
694 1310 927 1358 eripuerint?
985 1310 1170 1346 Consules
1189 1319 1335 1358 paratos
1347 1324 1430 1347 esse

151 1364 175 1384 ‘⁶
189 1361 306 1397 duces
324 1361 432 1410 prius
444 1361 621 1398 adversus
641 1362 764 1398 scelus
780 1362 931 1408 civium,
948 1362 1061 1411 quam
1075 1363 1252 1398 adversus
1265 1363 1427 1399 hostium

150 1416 176 1436 “
189 1414 331 1449 arma.”

201 1517 275 1554 ΙΙΙ.
314 1517 447 1557 Quum
468 1519 629 1555 maxime}
651 1519 731 1555 haec
751 1519 788 1555 in
819 1526 951 1556 senatu
985 1526 1200 1568 agerentur,
1221 1519 1429 1568 Canulejus

101 1582 214 1618 25pro
232 1570 378 1619 legibus
397 1571 474 1607 suis
494 1578 530 1607 et
551 1571 728 1607 adversus
747 1571 922 1608 consules
940 1571 992 1607 ita
1011 1571 1211 1608 disseruit:
1256 1575 1279 1594 “
1295 1571 1429 1610 Quan-

148 1624 313 1669 “topere
332 1635 410 1669 vos,
428 1622 612 1668 Quirites,
634 1630 920 1659 contemnerent
948 1623 1089 1669 Patres,
1109 1636 1222 1671 quam
1251 1622 1427 1672 indignos

148 1673 382 1720 “ducerent,
401 1675 463 1722 qui
485 1687 558 1710 una
580 1687 709 1710 secum
732 1675 822 1710 urbe
856 1675 954 1711 intra
972 1675 1104 1711 eadem
1127 1675 1267 1711 moenia
1287 1687 1427 1711 vivere-

148 1728 172 1748 “
186 1725 245 1767 tis,
266 1738 364 1774 saepe
388 1726 561 1774 equidem
593 1733 630 1762 et
662 1726 749 1762 ante
781 1726 907 1763 videor
940 1726 1277 1763 animadvertisse:
1324 1739 1428 1763 nunc

147 1780 310 1813 “tamen
332 1778 507 1823 maxime,
536 1777 633 1826 quod
663 1777 756 1813 adeo
776 1784 922 1814 atroces
954 1778 992 1814 in
1026 1778 1092 1814 has
1112 1778 1324 1826 rogationes
1344 1790 1429 1814 nos-

100 1842 133 1867 30
147 1831 258 1865 “tras
277 1830 393 1866 coorti
414 1836 526 1874 sunt3
569 1830 703 1877 quibus
723 1830 811 1877 quid
832 1830 932 1865 aliud
962 1830 1073 1878 quam
1094 1830 1354 1876 admonemus,
1375 1829 1427 1866 ci-

146 1883 170 1906 “
184 1893 247 1917 ves
266 1894 335 1917 nos
354 1894 482 1918 eorum
499 1894 595 1924 esse,
630 1889 680 1929 et,
714 1882 744 1917 si
764 1894 839 1917 non
869 1882 1021 1917 easdem
1041 1894 1130 1929 opes
1156 1881 1305 1925 habere,
1326 1894 1427 1917 eam-

146 1932 267 1969 “dem
289 1940 415 1969 tamen
436 1933 593 1982 patriam
613 1933 778 1969 incolere
797 1935 810 1968 7
850 1933 983 1969 Altera
999 1933 1231 1969 connubium
1250 1933 1424 1981 petimus,

145 1985 280 2033 “quod
301 1985 470 2022 finitimis
501 1985 739 2033 externisque
772 1985 851 2021 dari
873 1985 990 2021 solet:
1037 1998 1105 2021 nos
1123 1985 1276 2033 quidem
1297 1985 1426 2021 civita-

145 2039 170 2062 ‘⁶
183 2044 271 2080 tem,
292 2050 374 2085 quae
394 2037 476 2086 plus
494 2038 605 2085 quam
627 2037 858 2073 connubium
889 2043 958 2080 est,
993 2037 1163 2073 hostibus
1182 2036 1294 2072 etiam
1317 2037 1424 2072 vietis

99 2091 170 2127 35“
183 2089 366 2125 dedimus.
424 2089 557 2125 Altera
576 2088 668 2125 nihil
690 2089 774 2125 novi
795 2089 973 2133 ferimus;
1017 2089 1080 2124 sed
1104 2089 1154 2135 id,
1180 2089 1276 2136 quod
1298 2089 1423 2136 populi

146 2143 251 2186 “est,
271 2140 473 2189 repetimus
489 2147 598 2189 atque
618 2153 866 2188 usurpamus3
915 2148 967 2183 ut,
987 2140 1122 2188 quibus
1143 2140 1245 2186 velit,
1266 2140 1423 2188 populus

146 2195 170 2215 ‘⁴
184 2191 381 2228 Romanus
400 2193 559 2229 honores
579 2193 742 2228 mandet.
797 2192 902 2231 Quid
925 2192 1076 2228 tandem
1097 2199 1166 2234 est,
1197 2204 1264 2228 cur
1284 2192 1423 2228 coelum

146 2246 171 2267 “
185 2254 229 2279 ac
249 2250 365 2280 terras
384 2244 589 2289 misceant;
629 2257 696 2280 cur
716 2244 754 2280 in
775 2257 834 2280 me
855 2244 1016 2291 impetus
1045 2242 1155 2280 mod&
1180 2256 1287 2291 paene
1309 2245 1346 2280 in
1367 2256 1423 2280 se-

146 2299 170 2318 “
185 2301 275 2330 natu
295 2294 342 2330 sit
361 2295 480 2332 factus
496 2297 510 2332 Τ
541 2303 682 2345 negent
700 2309 739 2332 se
759 2296 932 2331 manibus
964 2302 1249 2344 temperaturos,
1268 2295 1423 2332 violatu-

101 2359 133 2384 4ο
147 2350 171 2370 “
185 2358 318 2394 rosque
344 2347 568 2384 denuntient
600 2354 876 2384 sacrosanctam
907 2348 1158 2394 potestatem?
1215 2348 1256 2383 Si
1286 2347 1422 2396 populo

147 2403 171 2422 ‘⁶
185 2399 360 2435 Romano
379 2398 536 2434 liberum
557 2399 773 2447 suffragium
793 2399 914 2441 datur,
936 2406 989 2441 ut,
1012 2400 1147 2447 quibus
1167 2399 1267 2442 velit,
1289 2411 1422 2435 consu-

146 2451 299 2487 “latum
322 2450 485 2492 mandet,
519 2457 557 2486 et
591 2462 663 2487 non
683 2451 896 2498 praeciditur
915 2463 1000 2499 spes
1029 2452 1175 2500 plebejo
1203 2463 1360 2498 quoque,
1390 2452 1418 2484 si
