1617 2765
198 146 249 183 66
731 145 823 177 Tm
845 147 957 178 mvn

199 246 294 286 sent,
315 252 438 289 neque
458 240 519 278 ille
549 241 674 278 minus
702 242 911 279 obstinatus
941 243 1085 291 ingenti
1113 249 1264 292 pontem
1293 243 1481 284 obtineret

198 293 332 341 gradu,
369 294 447 343 jam
476 294 618 343 impetu
660 295 894 330 conabantur
933 295 1132 331 detrudere
1172 296 1319 340 virum3
1365 309 1479 344 quum

199 344 310 381 simul
331 345 453 394 fragor
483 346 580 394 rupti
601 347 738 394 pontis,
759 346 868 382 simul
890 346 1030 383 clamor
1050 347 1325 394 Romanorum,
1347 349 1480 386 alacri-

197 403 273 433 tate
292 398 450 445 perfecti
468 398 591 446 operis
611 398 792 440 sublatus,
812 411 948 446 pavore
968 399 1090 435 subito
1116 399 1296 448 impetum
1317 401 1480 437 sustinu-

198 448 236 484 it.
288 449 396 486 Tum
430 450 578 495 Cocles,
616 450 838 486 “Tiberine
874 451 1016 498 pater,’'
1051 451 1182 499 inquit,
1211 454 1234 472 “
1252 459 1301 498 te,
1333 460 1476 496 sancte,
1505 462 1521 486 5

196 502 220 522 “
235 514 380 549 precor,
402 502 483 538 haec
503 514 606 538 arma
625 509 662 538 et
682 502 784 538 hunc
813 502 970 538 militem
989 503 1147 551 propitio
1166 502 1320 539 flumine
1342 504 1479 553 accipi-

196 554 314 589 “as.'’
383 553 441 590 Ita
477 554 533 590 sic
566 561 730 590 armatus
767 554 805 590 in
844 554 1016 591 Tiberim
1055 555 1229 599 desiluit3
1276 556 1477 604 multisque

196 605 567 653 superincidentibus
587 606 683 653 telis,
704 606 905 642 incolumis
925 607 971 642 ad
991 620 1078 643 suos
1107 607 1280 650 tranavit,
1315 620 1394 644 rem
1415 620 1479 644 au-

195 670 259 693 sus
288 658 370 706 plus
400 657 508 694 famae
543 658 752 695 habituram
787 659 834 694 ad
864 666 1043 706 posteros,
1072 659 1183 707 quam
1205 659 1304 695 fidei.
1361 660 1479 696 Grata

194 720 285 758 erga
303 717 447 746 tantam
467 710 640 746 virtutem
660 710 792 746 civitas
813 710 903 746 fuit:
946 718 1070 747 statua
1098 712 1136 747 in
1163 711 1316 747 comitio
1335 712 1475 759 posita;
1493 722 1522 747 10

195 762 275 809 agri
305 769 486 809 quantum
520 775 594 798 uno
613 762 674 798 die
704 761 982 807 circumaravit,
1014 763 1155 798 datum.
1221 762 1369 799 Privata
1389 764 1478 811 quoss

193 825 265 860 que
287 814 383 849 inter
402 814 573 862 publicos
592 814 753 850 honores
772 813 896 850 studia
914 814 1133 850 eminebant
1151 827 1158 850 :
1194 827 1296 857 nam,
1317 815 1354 850 in
1376 828 1479 864 mag-

194 865 244 900 na
281 865 420 913 inopia,
458 878 523 914 pro
559 865 778 902 domesticis
815 866 934 914 copiis
966 866 1221 915 unusquisque
1250 867 1286 903 ei
1323 867 1475 915 aliquid,

195 916 373 954 fraudans
392 930 432 954 se
452 918 531 967 ipse
553 918 653 954 victu
673 930 753 965 suo,
772 918 943 955 contulit.

245 1022 318 1058 XI.
349 1023 528 1070 Porsena,
549 1023 669 1072 primo
687 1030 825 1060 conatu
858 1024 1041 1073 repulsus,
1070 1024 1238 1061 consiliis
1268 1025 1314 1060 ab
1333 1037 1476 1074 oppug-
1490 1037 1520 1062 15

194 1075 321 1111 nanda
341 1075 432 1111 urbe
452 1076 497 1112 ad
517 1076 765 1112 obsidendam
795 1077 923 1122 versis,
956 1077 1133 1125 praesidio
1167 1077 1205 1113 in
1225 1077 1403 1113 Janiculo
1423 1077 1476 1114 lo-

192 1134 288 1171 cato,
311 1127 389 1175 ipse
408 1128 447 1163 in
467 1128 578 1176 plano
602 1128 765 1176 ripisque
796 1128 950 1165 Tiberis
983 1136 1105 1165 castra
1133 1128 1277 1177 posuit3
1318 1129 1475 1166 navibus

193 1179 358 1226 undique
378 1180 524 1225 accitis,
551 1189 589 1216 et
609 1180 655 1216 ad
675 1181 899 1223 custodiam,
921 1193 968 1216 ue
994 1181 1083 1228 quid
1111 1181 1276 1217 Romam
1298 1181 1475 1217 frumenti

192 1231 350 1267 subvehi
380 1231 533 1274 sineret,
567 1239 605 1268 et
635 1239 675 1268 ut
704 1233 912 1280 proedatum
942 1233 1079 1269 milites
1112 1240 1214 1269 trans
1244 1232 1384 1268 flumen
1411 1245 1475 1281 per

192 1283 415 1319 occasiones
444 1283 526 1320 aliis
555 1291 665 1332 atque
685 1284 766 1320 aliis
796 1284 888 1321 locis
917 1285 1126 1334 trajiceret:
1173 1284 1348 1332 brevique
1379 1285 1473 1321 adeo
1487 1296 1519 1321 20

194 1335 370 1371 infestum
389 1348 541 1372 omnem
562 1336 781 1372 Romanum
815 1349 946 1385 agrum
975 1337 1151 1379 reddidit,
1185 1344 1226 1372 ut
1245 1349 1319 1373 non
1339 1344 1476 1373 caetera

192 1386 312 1423 solum
333 1400 380 1424 ex
400 1387 512 1437 agris,
533 1388 598 1424 sed
618 1401 735 1436 pecus
763 1401 910 1436 quoque
933 1401 1045 1425 omne
1066 1388 1103 1424 in
1123 1389 1254 1424 urbem
1274 1389 1474 1437 compelle-

192 1447 305 1483 retur,
327 1452 448 1488 neque
468 1440 664 1488 quisquam
684 1447 791 1477 extra
805 1448 929 1489 portas
943 1441 1146 1489 propellere
1163 1441 1329 1477 auderet.
1387 1441 1474 1477 Hoc

191 1493 336 1528 tantum
357 1492 521 1528 licentiae
555 1492 739 1535 Etruscis,
773 1505 849 1529 non
879 1500 981 1529 metu
1012 1493 1145 1541 magis,
1169 1493 1278 1540 quam
1301 1493 1472 1539 consilio,

192 1556 438 1580 concessum:
468 1556 630 1591 namque
664 1544 839 1580 Valerius
868 1544 1013 1586 consul,
1044 1544 1211 1580 intentus
1240 1545 1277 1580 in
1307 1544 1519 1583 occasio-25

191 1608 277 1631 nem
298 1596 434 1632 multos
451 1596 562 1632 simul
582 1603 620 1632 et
638 1596 776 1632 effusos
809 1595 1010 1644 improviso
1041 1596 1254 1642 adoriundi,
1288 1596 1325 1632 in
1351 1597 1473 1644 parvis

191 1647 302 1683 rebus
322 1648 521 1697 negligens
541 1648 649 1693 ultor,
676 1661 827 1697 gravem
847 1661 886 1684 se
907 1649 954 1684 ad
980 1648 1121 1696 majora
1141 1648 1329 1684 vindicem
1350 1660 1474 1684 serva—

192 1699 265 1735 bat.
323 1699 467 1748 Itaque,
489 1707 529 1736 ut
547 1700 702 1736 eliceret
720 1701 959 1748 praedatores‚
992 1700 1109 1736 edicit
1133 1700 1224 1743 suis,
1243 1707 1390 1748 postero
1410 1700 1472 1737 die

192 1751 406 1800 frequentes
426 1753 531 1800 porta
553 1752 763 1800 Esquilina,
790 1765 871 1800 quae
906 1752 1142 1788 aversissima
1172 1752 1218 1787 ab
1249 1753 1352 1788 hoste
1379 1759 1470 1798 erat,

190 1803 422 1852 expellerent
439 1817 578 1852 pecus3
608 1804 768 1841 scituros
788 1805 825 1841 id
856 1805 982 1840 hostes
1010 1812 1123 1850 ratus,
1152 1804 1250 1852 quOd
1277 1804 1316 1840 in
1335 1804 1468 1840 obsidi-
1485 1817 1517 1842 ao

189 1868 261 1892 one
291 1864 328 1892 et
358 1856 454 1892 fame
487 1856 638 1892 servitia
666 1856 781 1892 infida
810 1854 1099 1905 transfugerent.
1155 1856 1205 1892 Et
1238 1855 1360 1893 sciere
1390 1869 1455 1904 per

191 1907 289 1956 fugae
308 1908 450 1944 indicio
467 1921 476 1951 ς
507 1907 699 1955 multoque
719 1908 857 1956 plures,
879 1915 918 1959 ut
937 1909 973 1944 in
995 1921 1098 1956 spem
1121 1907 1301 1944 universze
1320 1908 1469 1956 praedae‚

190 1959 331 1995 flumen
357 1960 560 2009 trajiciunt.
617 1959 657 1996 P.
689 1960 863 1995 Valerius
900 1959 987 1995 inde
1025 1959 1074 1995 T.
1110 1959 1349 1996 Herminium
1382 1973 1470 1997 cum

191 2012 352 2048 modicis
371 2012 489 2060 copiis
509 2012 555 2048 ad
587 2012 797 2047 secundum
827 2011 989 2060 lapidem
1020 2011 1170 2048 Gabina
1198 2012 1258 2047 via
1276 2013 1469 2049 occultum

190 2064 388 2100 considere
404 2064 535 2113 jubet3
579 2065 642 2112 Sp.
676 2063 845 2100 Lartium
876 2076 964 2099 cum
993 2064 1170 2112 expedita
1194 2063 1390 2112 juventute
1423 2064 1516 2102 adae

190 2123 334 2163 portam
355 2116 543 2153 Collinam
574 2123 684 2158 stare,
716 2116 838 2152 donec
868 2115 983 2152 hostis
1013 2123 1228 2164 praetereat3
1271 2116 1410 2152 deinde
1429 2129 1470 2153 se

190 2167 368 2215 objicere,
390 2181 437 2204 ne
457 2168 505 2205 sit
524 2168 570 2204 ad
591 2168 730 2204 flumen
752 2168 905 2204 reditus.
963 2167 1170 2204 Consulum
1201 2168 1304 2213 alter,
1326 2168 1374 2204 T.
1397 2168 1472 2204 Lu-

190 2220 344 2262 cretius,
365 2220 470 2268 porta
501 2220 635 2256 Naevizi
668 2233 755 2256 cum
789 2220 927 2267 aliquot
947 2220 1147 2268 manipulis
1166 2220 1326 2256 militum
1346 2233 1471 2269 egres-

190 2283 276 2307 sus:
307 2271 387 2319 ipse
404 2272 581 2315 Valerius
611 2272 734 2308 Coelio
764 2280 889 2308 monte
919 2272 1091 2308 cohortes
1123 2272 1289 2308 delectas
1314 2273 1469 2308 educit:

167 2321 304 2371 'hique
338 2323 447 2371 primi
486 2326 694 2372 apparuere
732 2324 840 2360 hosti.
898 2324 1133 2367 Herminius,
1165 2325 1228 2360 ubi
1268 2324 1515 2361 tumultum«)

192 2375 322 2421 sensit,
343 2376 534 2412 concurrit
553 2388 600 2411 ex
622 2376 784 2420 insidiis,
807 2376 993 2424 versisque
1014 2376 1050 2412 in
1072 2377 1265 2412 Valerium
1286 2376 1468 2421 Etruscis,

191 2434 298 2476 terga
317 2427 451 2464 eaedit:
480 2428 611 2464 dextra
631 2427 806 2476 laevfique,
838 2428 927 2464 hinc
947 2440 968 2464 a
988 2429 1091 2476 porta
1112 2429 1274 2471 Collina,
1298 2428 1400 2464 illinc
1421 2428 1467 2464 ab
