1617 2765
131 214 209 252 242
658 212 749 244 T1T1
773 213 882 244 LIVII

132 314 231 344 sunt.
289 308 334 345 In
354 307 512 345 consilio
531 320 755 356 quamquam
774 308 874 357 justa
894 307 948 344 ira
976 320 1108 345 omnes
1136 308 1182 344 ad
1212 308 1410 346 delendam

132 360 347 397 stimulabat
367 361 662 409 Carthaginem3
694 368 832 406 tamen,
852 373 980 408 quum,
1002 368 1038 397 et
1057 368 1197 408 quanta
1222 373 1281 397 res
1300 369 1412 405 esset,

131 419 169 448 et
187 411 300 460 quam
319 413 421 461 longi
441 412 619 460 temporis
647 412 794 449 obsidio
824 421 898 448 tam
933 413 1087 448 munitae
1117 420 1154 449 et
1185 420 1260 449 tam
1282 413 1414 450 validae

131 464 247 508 urbis,
267 471 497 514 reputarent,
518 472 555 500 et
574 464 694 512 ipsum
717 464 934 512 Scipionem
965 465 1195 513 exspectatio
1220 478 1415 502 suecesso-

129 516 193 563 ris,
214 518 359 553 venturi
381 517 426 553 ad
447 523 614 565 paratam
634 517 786 553 alterius
812 517 938 553 labore
958 529 1003 553 ac
1022 517 1191 565 periculo
1211 517 1306 553 finiti
1327 517 1414 553 belli
1442 526 1459 551 ⁵

129 568 279 615 famam,
301 569 531 615 sollicitaret,
551 568 596 604 ad
617 581 751 617 pacem
770 569 940 605 omnium
957 569 1072 605 animi
1093 569 1189 605 versi
1209 576 1307 605 sunt.

180 672 396 709 XXXVII.
444 672 598 708 Postero
618 672 693 715 die,
723 672 908 709 revocatis
936 673 1081 721 legatis,
1111 679 1149 710 et
1178 685 1266 710 eum
1296 673 1415 710 multa

127 726 375 774 castigatione
395 724 561 773 perfidiae
581 724 745 767 monitis,
768 732 821 770 ut,
841 731 895 760 tot
913 725 1085 761 cladibus
1101 725 1238 771 edocti,
1259 726 1414 762 tandem

127 776 229 813 Deos
249 784 284 813 et
302 777 565 825 jusjurandum
585 789 668 813 esse
688 776 913 821 crederent3
956 776 1193 813 conditiones
1211 777 1316 825 pacis
1335 778 1414 814 dic-

126 835 172 864 tae
190 841 198 864 ε
241 831 263 851 “
280 828 328 865 Ut
350 828 457 865 liberi
477 828 626 877 legibus
645 828 723 864 suis
751 828 921 865 viverent
938 841 946 864 z
976 841 1068 876 quas
1089 829 1212 871 urbes,
1245 841 1412 877 quosque
1430 840 1460 864 10

128 882 154 903 ‘⁶
167 892 289 929 agros,
310 881 520 929 quibusque
540 880 679 917 finibus
699 888 786 917 ante
803 880 943 917 bellum
975 880 1198 926 tenuissent,
1227 887 1412 927 tenerent,

128 933 442 981 “populandique
472 933 588 969 finem
616 945 662 970 eo
690 933 751 969 die
781 933 981 970 Romanus
1010 933 1161 969 faceret.
1218 932 1412 982 Perfugas,

128 984 427 1033 “fugitivosque,
466 992 504 1022 et
539 985 706 1034 captivos
733 997 879 1031 omnes,
918 985 1120 1021 redderent
1147 985 1345 1031 Romanis,
1375 993 1414 1022 et

127 1042 280 1073 “naves
308 1044 497 1083 rostratas,
538 1044 669 1085 praeter
709 1037 842 1073 decern
881 1037 1062 1082 triremes,
1103 1037 1306 1080 traderent,
1337 1037 1413 1074 ele-

127 1094 151 1111 “
165 1089 411 1137 phantosque‚
431 1102 522 1138 quos
543 1090 725 1126 haberent
740 1089 900 1126 domitos
917 1102 926 1133 ;
957 1101 1080 1137 neque
1095 1089 1291 1126 domarent
1307 1089 1411 1126 alios.
1428 1099 1459 1124 15

127 1146 150 1162 “
165 1141 312 1177 Bellum
333 1154 427 1177 neve
448 1141 486 1178 in
508 1141 653 1184 Africa,
688 1154 783 1177 neve
802 1148 907 1177 extra
927 1141 1112 1187 Africam,
1132 1141 1277 1190 injussu
1296 1153 1412 1190 popu-

127 1193 189 1229 “li
211 1193 377 1229 Romani
398 1200 585 1242 gererent.
643 1193 856 1229 Masinissae
882 1205 942 1229 res
971 1193 1184 1238 redderent,
1217 1192 1412 1241 foedusque

127 1250 253 1281 “cum
291 1257 337 1282 eo
374 1245 554 1282 facerent.
629 1245 881 1282 Frumentum
917 1244 1221 1293 stipendiumque
1251 1245 1413 1291 auxiliis,

127 1303 151 1319 ‘⁶
164 1297 287 1333 donec
308 1297 354 1333 ab
374 1297 503 1334 Roma
522 1297 635 1346 legati
655 1298 854 1343 redissent,
885 1304 1114 1345 praestarent.
1169 1297 1315 1333 Decem
1334 1297 1415 1333 mil-

127 1349 214 1385 “lia
245 1349 429 1386 talentum
459 1350 620 1398 argenti,
651 1350 840 1398 descripta
867 1349 1113 1398 pensionibus
1142 1349 1258 1397 aequis
1291 1349 1329 1385 in
1350 1358 1459 1386 ειη-20

127 1407 233 1438 “nos
269 1402 555 1451 quinquaginta,
594 1402 792 1438 solverent.
849 1401 1015 1438 Obsides
1051 1409 1205 1438 centum
1235 1401 1414 1438 arbitratu

127 1454 356 1512 “Scipionis
389 1454 544 1513 darent3
591 1467 640 1491 ne
677 1455 842 1491 minores
870 1454 1154 1512 quatuordecim
1189 1454 1309 1499 annis,
1339 1466 1413 1490 neu

125 1506 317 1554 “triginta
337 1507 509 1555 majores
565 1506 746 1543 Inducias
767 1506 818 1543 ita
837 1519 876 1543 se
897 1507 1084 1549 daturum,
1115 1506 1146 1542 si
1175 1518 1240 1554 per
1273 1505 1414 1554 priores

127 1558 341 1595 “inducias
361 1571 475 1594 naves
493 1559 674 1595 onerariae
703 1566 834 1607 eaptae,
869 1570 1026 1606 quaeque
1060 1558 1220 1594 fuissent
1253 1557 1291 1594 in
1311 1558 1414 1594 navi-

127 1609 248 1656 “bus,
268 1610 566 1647 restituerentur.
623 1610 746 1647 Aliter
766 1623 838 1647 nec
858 1611 1045 1656 inducias,
1074 1623 1147 1646 nec
1177 1622 1280 1658 spem
1310 1609 1458 1658 pacis25

126 1662 279 1698 “ullam
319 1675 413 1699 esse.
419 1663 442 1679 ”
501 1663 582 1699 Has
619 1662 857 1699 conditiones
885 1662 999 1711 legati
1028 1674 1143 1710 quum
1174 1662 1329 1698 domum
1357 1674 1414 1698 re-

125 1714 221 1751 ferre
238 1715 333 1763 jussi
363 1715 402 1751 in
431 1715 618 1752 concione
647 1715 817 1761 ederent,
847 1722 885 1751 et
912 1714 1031 1762 Gisgo
1051 1714 1097 1750 ad
1117 1714 1413 1750 dissuadendam

124 1779 257 1815 pacem
279 1767 536 1815 processisset,
556 1767 823 1814 audireturque
844 1779 865 1803 a
891 1766 1146 1809 multitudine,
1167 1766 1337 1813 inquieta
1355 1767 1414 1802 efi-

124 1819 212 1855 dem
233 1826 271 1854 et
299 1819 464 1864 imbelli;
511 1819 730 1868 indignatus
765 1818 973 1861 Hannibal,
1007 1818 1084 1855 dici
1114 1818 1217 1855 eain
1237 1818 1300 1854 tali
1322 1825 1413 1854 tem-

123 1883 213 1918 pore
234 1871 444 1918 audirique,
466 1878 655 1919 arreptum
691 1871 898 1919 Gisgonem
919 1883 1034 1906 manu
1055 1872 1122 1906 sua
1154 1882 1201 1906 ex
1221 1870 1411 1918 superiore
1427 1880 1458 1904 30

124 1922 208 1958 loco
240 1922 412 1958 detraxit.
468 1922 569 1961 Quae
605 1923 753 1959 insueta
781 1923 908 1958 liberae
944 1922 1085 1958 civitati
1122 1921 1268 1969 species
1296 1934 1411 1969 quum

124 1973 315 2010 fremitum
349 1974 476 2022 populi
510 1974 698 2019 movisset,
727 1974 966 2022 perturbatus
994 1973 1164 2010 militaris
1184 1973 1238 2009 vir
1267 1973 1412 2010 urbana

124 2025 310 2069 libertate,
347 2026 571 2072 “Novem‚’'
611 2026 744 2074 inquit,
775 2032 995 2061 “annorum
1026 2038 1048 2061 a
1076 2025 1179 2062 vobis
1208 2025 1409 2073 profectus,

127 2084 248 2126 “post
275 2084 422 2114 sextum
442 2085 480 2114 et
508 2078 740 2114 tricesimum
762 2090 903 2114 annum
924 2077 1032 2115 redii.
1091 2077 1280 2114 Militares
1300 2084 1409 2124 artes,

127 2136 256 2178 “quas
294 2142 354 2166 me
397 2143 419 2167 a
456 2143 572 2179 puero
602 2130 749 2167 fortuna
786 2142 890 2166 nunc
932 2129 1087 2178 privata,
1127 2142 1231 2166 nunc
1259 2129 1456 2178 publica35

127 2182 307 2225 “docuit,
328 2183 442 2230 probe
462 2183 590 2219 videor
610 2182 733 2219 scire:
773 2182 875 2218 urbis
895 2194 939 2218 ac
969 2182 1037 2218 fori
1062 2182 1158 2231 jura,
1188 2181 1305 2230 leges,
1335 2195 1411 2219 mo-

128 2240 153 2257 “
166 2246 238 2277 res,
260 2246 324 2270 vos
343 2247 403 2271 me
422 2242 567 2283 oportet
599 2234 802 2272 doceatiS.''
860 2234 1053 2271 Excusata
1073 2234 1341 2282 imprudentia,
1362 2234 1409 2270 de

126 2298 220 2335 pace
240 2287 367 2322 multis
386 2287 508 2324 verbis
527 2287 715 2330 disseruit,
745 2286 856 2335 quam
876 2299 949 2322 nec
969 2287 1110 2335 iniqua,
1130 2293 1168 2322 et
1196 2286 1410 2322 necessaria

126 2345 238 2375 esset.
295 2338 338 2374 Id
359 2339 527 2376 omnium
549 2338 712 2376 maxime
745 2338 897 2375 difficile
926 2346 1018 2383 erat,
1048 2337 1145 2386 quod
1176 2351 1223 2374 ex
1251 2339 1409 2375 navibus

127 2402 194 2439 per
222 2391 396 2428 inducias
425 2392 544 2440 captis
574 2392 681 2438 nihil,
711 2398 843 2441 praeter
873 2391 972 2439 ipsas
1004 2391 1246 2439 comparebat
1264 2403 1378 2427 naves
1398 2399 1453 2435 34⁰

128 2455 250 2491 neque
271 2444 462 2492 inquisitio
480 2451 560 2481 erat
580 2444 712 2487 facilis,
747 2443 1035 2480 adversantibus
1063 2443 1160 2492 paci,
1194 2443 1256 2491 qui
1277 2455 1408 2491 argue-

128 2503 268 2533 rentur.
325 2496 471 2534 Placuit
500 2509 614 2534 naves
643 2496 761 2543 reddi,
803 2501 840 2532 et
882 2494 1056 2532 homines
1084 2495 1211 2543 utique
1241 2494 1405 2543 inquiri:
