1617 2765
619 184 757 215 LIBER
779 184 852 215 XL.
891 193 971 215 cAP.
996 194 1042 214 vr.
1374 186 1454 223 265

173 280 299 318 animo
331 281 472 316 exitum
506 278 648 315 incauti
678 290 699 314 a
728 277 858 314 fraude
889 277 1052 313 fraterna
1076 277 1238 325 juvenis,
1275 278 1455 326 adjuvan-

173 333 276 375 dum,
306 332 404 380 quod
425 331 590 367 futurum
610 338 702 376 erat,
721 330 805 371 rati,
836 329 1109 377 fovendamque
1138 341 1242 376 spem
1273 331 1454 377 potentio-

173 385 233 430 ris,
255 384 392 420 Perseo
419 395 458 418 se
487 382 710 431 adjungunt.
767 382 915 418 Caetera
936 381 972 417 in
992 394 1100 417 suum
1131 393 1288 428 quaeque
1308 389 1455 430 tempus

173 436 321 485 agenda
340 434 544 471 differunt:
575 435 613 470 in
634 434 831 483 praesentia
852 433 988 482 placet,
1021 433 1125 470 omni
1155 446 1225 480 ope
1256 433 1292 469 in
1315 433 1456 470 Roma-

144 500 160 523 5
173 501 241 524 nos
268 487 429 523 accendi
449 499 590 535 regem,
612 486 827 535 impellique
847 486 894 521 ad
914 485 1071 522 consilia
1092 485 1190 529 belli,
1213 485 1258 521 ad
1279 498 1361 533 quae
1377 486 1455 534 jam

173 541 239 576 sua
275 546 406 587 sponte
443 539 612 575 animum
642 538 872 574 inclinasset.
930 538 1063 581 Simul,
1095 545 1135 573 ut
1170 537 1388 573 Demetrius
1417 538 1456 574 in

172 592 253 628 dies
290 590 497 639 suspectior
525 598 634 636 esset,
678 603 723 627 ex
751 590 959 638 composito
986 602 1180 626 sermones
1208 589 1254 626 ad
1286 588 1457 638 [spretio-

172 644 278 694 nem]
302 643 563 679 Romanorum
584 643 806 679 trahebant:
838 642 887 678 ibi
903 655 1017 700 quum
1036 642 1097 678 alii
1118 655 1239 678 mores
1253 649 1290 678 et
1309 642 1457 678 institu-

171 702 207 731 ta
227 707 370 741 eorum,
391 694 453 730 alii
474 707 533 731 res
561 702 697 743 gestas,
728 695 789 730 alii
819 695 983 742 speciem
1006 694 1123 743 ipsius
1143 694 1257 737 urbis,
1288 694 1456 730 nondum

130 758 158 782 io
171 754 360 783 exornatae
380 759 503 794 neque
532 746 694 804 publicis
722 759 844 794 neque
875 747 1025 795 privatis
1053 747 1159 788 locis,
1194 746 1257 782 alii
1287 746 1457 804 singulos

171 799 385 848 principum
415 798 639 843 eluderent3
676 799 825 848 juvenis
853 799 1042 845 incautus,
1072 806 1109 835 et
1137 811 1263 835 amore
1293 798 1456 835 nominis

172 851 350 897 Romani,
370 858 408 887 et
427 851 633 887 certamine
653 851 831 887 adversus
860 851 1024 897 fratrem,
1053 851 1181 887 omnia
1200 851 1353 893 tuendo,
1375 863 1457 886 sus-

171 910 322 952 pectum
344 916 383 939 se
404 903 499 953 patri
518 910 555 939 et
574 911 826 952 opportunum
847 882 1070 940 criminibus
1094 903 1267 939 faciebat.
1326 903 1457 951 Itaque

172 963 364 1004 expertem
384 968 472 991 eum
491 962 595 1004 pater
614 955 786 992 omnium
805 956 852 992 de
873 956 985 992 rebus
1007 955 1193 992 Romanis
1212 955 1457 992 consiliorum

131 1018 160 1043 15
173 1007 357 1044 habebat:
399 1013 499 1043 totus
520 1007 558 1043 in
580 1007 717 1043 Persea
747 1020 886 1051 versus,
917 1020 1005 1043 cum
1025 1019 1070 1043 eo
1098 1007 1347 1055 cogitationes
1376 1007 1458 1055 ejus

172 1059 225 1096 rei
245 1059 326 1096 dies
345 1071 390 1095 ac
410 1065 540 1095 noctes
560 1059 736 1107 agitabat.
794 1059 1019 1102 Redierant,
1053 1072 1145 1108 quos
1179 1059 1272 1096 forte
1306 1059 1458 1095 miserat

173 1111 211 1148 in
232 1111 435 1148 Bastarnas
455 1111 502 1147 ad
521 1112 750 1148 arcessenda
770 1112 929 1158 auxilia,
952 1112 1264 1169 adduxerantque
1284 1111 1373 1147 inde
1394 1124 1458 1148 no-

173 1163 294 1200 biles
282 1175 454 1212 JuveneS‚
473 1170 510 1199 et
529 1163 622 1212 regii
642 1164 823 1221 quosdam
840 1164 1018 1212 generis·
1010 1191 1019 1208 ‚
1059 1176 1216 1212 quorum
1241 1176 1338 1200 unus
1357 1176 1458 1200 soro-

172 1228 251 1252 rem
271 1228 377 1252 suam
398 1215 436 1251 in
456 1215 737 1252 matrimonium
757 1216 920 1265 Philippi
940 1216 1015 1252 filio
1031 1216 1299 1274 pollicebatur:
1328 1228 1457 1252 erexe-

127 1274 302 1316 20ratque
334 1267 567 1304 consociatio
597 1269 721 1316 gentis
749 1268 831 1317 ejus
860 1268 1029 1305 animum
1059 1268 1168 1317 regis
1236 1268 1338 1304 Tum
1369 1267 1457 1304 Per-

171 1332 271 1363 seus,
303 1326 327 1342 “
341 1319 451 1358 Quid
471 1319 542 1355 ista
560 1328 741 1368 prosunt.
729 1321 744 1348 'P
758 1321 781 1336 ''
801 1321 933 1369 inquit⁴
992 1328 1015 1343 ‘⁴
1029 1320 1280 1369 Nequaquam
1310 1326 1457 1356 tantum

173 1372 250 1408 “in
270 1371 435 1408 externis
463 1372 612 1408 auxiliis
640 1380 697 1409 est
724 1372 899 1421 praesidii,
929 1380 1110 1420 quantum
1139 1372 1296 1421 periculi
1326 1372 1456 1408 fraude

173 1423 431 1460 “domesticfi.
505 1423 738 1461 Proditorem
767 1425 854 1462 nolo
882 1425 1024 1472 dicere,
1053 1425 1154 1461 certe
1184 1424 1458 1473 speculatorem

173 1481 196 1498 ‘⁶
210 1476 394 1512 habemus
414 1476 452 1512 in
468 1476 554 1512 sinu
571 1490 579 1521 ;
609 1477 732 1526 cujus,
760 1490 807 1514 ex
825 1490 899 1525 quo
917 1477 1027 1513 obses
1054 1477 1189 1513 Romae
1211 1476 1293 1520 fuit,
1322 1489 1458 1524 corpus

126 1527 319 1564 25“nobis
337 1528 585 1564 reddiderunt
617 1529 798 1575 Romani,
828 1529 995 1565 animum
1017 1529 1087 1578 ipsi
1117 1529 1268 1565 habent.
1325 1527 1459 1564 Omni-

172 1582 196 1602 “
213 1592 276 1616 um
309 1592 416 1628 paene
450 1581 704 1617 Macedonum
740 1582 778 1618 in
808 1594 895 1618 eurn
924 1594 990 1618 ora
1017 1593 1201 1618 conversa
1229 1588 1341 1617 sunt:
1384 1592 1458 1617 nec

173 1634 196 1654 ‘⁶
211 1644 338 1680 regem
357 1644 398 1667 se
418 1631 532 1668 alium
552 1641 680 1669 rentur
701 1634 893 1670 habituros
912 1646 1007 1679 esse,
1028 1632 1140 1681 quam
1161 1646 1273 1681 quem
1290 1632 1457 1669 Romani

172 1683 442 1720 “dedissent.'’
500 1684 586 1730 His,
615 1698 680 1733 per
708 1698 748 1722 se
774 1698 890 1734 aegra,
920 1698 1028 1722 mens
1047 1685 1148 1721 senis
1167 1685 1456 1721 stimulabatur:

171 1743 209 1772 et
228 1735 355 1772 animo
374 1736 508 1785 magiS,
528 1735 641 1784 quam
662 1737 778 1783 vultu,
799 1750 844 1774 ea
863 1738 1024 1774 crimina
1043 1737 1267 1785 accipiebat.

125 1852 158 1876 :30
226 1838 294 1876 VI.
325 1839 438 1877 Forte
457 1840 640 1877 lustrandi
661 1841 848 1878 exercitus
866 1842 969 1879 venit
989 1849 1150 1890 tempus,
1173 1842 1282 1891 cujus
1300 1841 1456 1878 solenne

170 1899 227 1928 est
246 1891 330 1929 tale.
388 1892 513 1941 Caput
532 1893 665 1929 mediae
686 1894 792 1930 canis
811 1895 991 1942 praecisae,
1012 1903 1049 1930 et
1068 1894 1166 1942 prior
1185 1906 1282 1952 parS,
1302 1894 1347 1930 ad
1369 1894 1458 1930 dex·

171 1952 302 1987 teram,
337 1957 424 1981 cum
462 1944 558 1980 extis
586 1946 766 1993 posterior
795 1947 842 1982 ad
871 1947 1001 1982 laevam
1037 1947 1105 1982 viae
1134 1947 1312 1995 ponitur:
1359 1946 1456 1983 inter

172 1996 272 2032 hanc
304 1997 462 2033 divisam
492 1997 650 2034 hostiam
683 1998 802 2046 copiae
823 2009 975 2035 armatae
1004 1999 1263 2035 traducuntur.
1321 1998 1457 2034 Praefe-

172 2055 304 2084 runtur
324 2048 443 2096 primo
462 2049 602 2097 agmini
623 2062 726 2086 arma
758 2050 924 2099 insignia
955 2051 1125 2087 omnium
1158 2051 1205 2087 ab
1225 2051 1358 2087 ultima
1385 2050 1457 2087 ori-

127 2100 260 2158 asgine
295 2099 533 2137 Macedoniae
562 2114 720 2161 regum:
766 2103 905 2139 deinde
924 2116 990 2139 rex
1019 2103 1097 2151 ipse
1126 2116 1215 2139 cum
1243 2103 1371 2140 liberis
1399 2115 1456 2139 se-

171 2152 319 2200 quitur:
348 2152 516 2201 proxima
534 2160 590 2189 est
609 2154 713 2203 regia
731 2155 866 2191 cohors
885 2156 1136 2203 custodesque
1156 2155 1344 2204 corporis:
1373 2167 1456 2204 pos-

172 2212 332 2241 tremum
355 2217 490 2253 agmen
512 2205 769 2243 Macedonum
795 2215 933 2244 caetera
953 2208 1152 2244 multitudo
1172 2207 1327 2244 claudit.
1384 2207 1455 2244 La-

173 2264 252 2293 tera
270 2239 471 2306 regis⁰d110
502 2257 568 2294 filii
593 2258 751 2306 juvenes
769 2260 989 2318 cingebant,
1018 2260 1180 2300 Persen-s
1203 2260 1282 2309 jam
1311 2260 1456 2297 tricesi-

173 2321 275 2345 mum
305 2321 446 2346 annum
476 2321 606 2358 agens,
627 2310 845 2348 Demetrius
864 2312 1124 2360 quinquennio
1155 2313 1298 2357 minor;
1329 2312 1454 2348 medio

128 2360 334 2410 4ojuven‘ae
353 2362 484 2398 roboro
505 2362 577 2408 ille,
598 2363 660 2399 hic
680 2363 794 2400 flore·
785 2393 794 2409 ,
844 2364 1019 2401 fortunati
1049 2366 1163 2414 patris
1183 2372 1329 2402 matura
1348 2364 1455 2400 sobo-

172 2413 239 2456 les,
277 2413 306 2449 si
339 2426 445 2450 mens
473 2426 565 2450 sana
598 2414 738 2452 fuisset.
814 2416 900 2453 Mos
941 2425 1033 2460 erat,
1077 2417 1306 2454 lustrationis
1347 2428 1455 2452 sacro

172 2473 337 2514 peracto,
357 2467 563 2503 exercitum
593 2467 808 2515 decurrere,
836 2476 874 2505 et
893 2469 1029 2506 divisas
1049 2470 1218 2507 bifariam
1239 2470 1333 2505 duas
1352 2467 1454 2504 acies

590 2519 641 2555 ‘23
