1638 2765
614 147 753 178 LIBER
777 147 802 177 Ι.
828 157 1028 178 eAP.xv111.
1410 149 1458 186 19

182 243 222 281 in
242 243 389 293 legibus
410 242 763 290 magistratibusque
783 242 973 290 rogandis,
995 248 1193 290 usurpatur
1213 242 1313 277 idem
1329 241 1401 290 jus,
1422 242 1457 279 vi

181 296 375 344 adempta:
412 294 627 343 priusquam
647 294 804 342 populus
835 294 1054 342 suffragium
1077 294 1191 339 ineat,
1212 294 1249 329 in
1271 294 1458 331 incertum

181 347 419 384 comitiorum
438 354 615 382 eventum
650 346 779 382 Patres
798 355 972 382 auctores
993 346 1099 382 fiunt.
1156 346 1258 381 'l'um
1280 346 1456 392 interrex,

180 399 365 436 concione
385 398 578 441 advocata,
611 397 767 436 “Quod
791 398 942 444 bonum,
973 398 1148 442 faustum,
1180 397 1342 444 felixque
1371 398 1456 441 sit‚’'

151 451 312 498 ⁵inquit,
349 449 570 496 “Quirites‚
603 463 731 498 regem
762 459 908 494 create3
949 450 999 485 ita
1031 450 1204 486 Patribus
1237 449 1357 484 visum
1389 457 1457 486 est.

179 504 203 524 “
217 502 347 539 Patres
367 502 516 546 deinde,
538 502 568 538 si
589 502 760 550 dignum⁷
780 502 842 549 qui
863 502 1053 537 secundus
1073 502 1120 537 ab
1141 501 1306 538 Romulo
1327 514 1458 537 nume-

179 556 203 577 ‘⁶
219 561 333 601 retur,
365 554 547 599 cremitis,
581 563 753 590 auctores
786 554 913 589 fient.”
971 553 1080 589 Adeo
1113 554 1150 590 id
1179 560 1327 602 gratum
1359 553 1458 601 plebi

180 607 262 650 fuit,
292 615 344 652 ut,
378 619 426 643 ne
459 606 544 642 victi
575 606 760 642 beneficio
789 606 1014 651 viderentur,
1046 605 1082 641 id
1112 605 1222 642 modo
1252 605 1460 641 sciscerent

175 659 438 709 juberentque,
459 665 499 694 ut
518 666 671 694 senatus
691 658 926 705 decerneret,
947 657 1009 706 qui
1030 658 1165 694 Romae
1185 664 1371 706 regnaret.

137 765 166 790 10
232 763 386 801 XVIII.
419 763 564 812 Inclyta
579 763 724 820 justitia
755 762 959 812 religioque
988 763 1034 800 ea
1066 769 1287 812 tempestate
1321 761 1459 798 Numae

181 816 354 865 Pompilii
383 824 474 852 erat.
531 816 695 852 Curibus
706 810 878 852 Sabinis
910 816 1114 859 habitabat,
1153 815 1456 851 consultissimus

180 869 248 915 vir,
271 876 310 905 ut
330 868 368 904 in
389 868 449 904 illa
469 868 665 916 quisquam
686 875 793 903 aetate
826 880 908 903 esse
940 875 1096 916 poterat,
1128 868 1252 904 omnis
1271 867 1387 903 divini
1408 873 1460 902 at-

180 933 252 968 que
273 919 427 956 humani
444 919 549 967 juris.
592 920 800 955 Auctorem
821 920 1001 955 doetrinae
1021 919 1114 968 ejus,
1135 921 1223 967 quia
1243 933 1318 956 non
1338 925 1460 955 exstat

181 972 288 1014 alius,
309 970 402 1007 falso
424 971 594 1007 Samium
611 971 848 1019 Pythagoran
869 971 1010 1015 edunt3
1039 984 1163 1019 quem,
1179 971 1310 1007 Servio
1330 970 1460 1007 Tullio

138 1026 168 1050 15
181 1030 362 1073 regnante
383 1023 531 1070 Romae,
548 1030 699 1059 centum
717 1023 880 1071 amplius
900 1030 982 1071 post
997 1035 1127 1065 annos,
1143 1023 1180 1059 in
1194 1023 1322 1059 ultima
1339 1022 1459 1058 Italiae

179 1077 255 1120 ora,
276 1076 379 1112 circa
398 1074 660 1124 Metapontum
683 1075 982 1123 Heracleamque
1011 1082 1049 1111 et
1081 1075 1259 1118 Crotona,
1277 1075 1459 1124 juvenum

181 1128 438 1164 {emulantium
470 1127 595 1164 studia
626 1134 746 1164 coetus
784 1128 959 1164 habuisse
997 1134 1154 1164 constat.
1230 1127 1288 1163 Ex
1324 1126 1459 1175 quibus

179 1180 285 1222 locis,
305 1180 376 1216 etsi
395 1179 564 1228 ejusdem
585 1180 704 1216 aetatis
724 1180 867 1223 fuisset,
898 1192 979 1228 quae
1010 1179 1108 1216 fama
1141 1180 1178 1216 in
1200 1180 1374 1221 Sabinos,
1396 1186 1460 1215 aut

179 1245 252 1281 quo
271 1233 410 1281 linguae
430 1232 671 1275 commercio,
691 1245 917 1280 quemquam
946 1232 993 1268 ad
1019 1232 1266 1280 cupiditatem
1286 1230 1459 1267 discendi

136 1285 380 1322 20excivisset
394 1281 416 1322 ’ζ’
453 1297 572 1332 quove
601 1284 774 1333 praesidio
803 1297 902 1320 unus
931 1297 996 1332 per
1028 1291 1082 1320 tot
1109 1290 1255 1332 gentes,
1289 1284 1460 1320 dissonas

180 1349 352 1373 sermone
381 1337 632 1394 moribusque,
662 1336 917 1384 pervenisset?
986 1336 1128 1385 Suopte
1160 1336 1273 1385 igitur
1306 1335 1461 1385 ingenio

180 1395 429 1437 temperatum
458 1388 626 1424 animum
659 1388 858 1424 virtutibus
896 1388 1010 1425 fuisse
1046 1388 1177 1436 opinor
1214 1388 1358 1438 magis3
1406 1387 1461 1423 in-

181 1447 438 1489 structumque
468 1453 544 1476 non
573 1447 649 1476 tarn
678 1440 887 1489 peregrinis
924 1441 1078 1487 artibus,
1111 1453 1221 1489 quam
1260 1439 1460 1488 disciplina

181 1493 312 1530 tetrica
341 1504 387 1528 ac
418 1492 513 1528 tristi
543 1499 710 1528 veterum
741 1493 990 1537 Sabinorum
1037 1505 1110 1540 quo
1143 1505 1283 1540 genere
1312 1493 1459 1528 nullum

135 1544 369 1592 &quondam
388 1544 642 1592 incorruptius
663 1544 742 1580 fuit.
800 1544 944 1581 Audito
964 1545 1117 1581 nomine
1147 1544 1300 1591 Numae,
1332 1545 1460 1581 Patres

181 1596 360 1642 Romani,
390 1608 616 1644 quamquam
647 1596 821 1632 inclinari
853 1609 944 1645 opes
975 1597 1022 1632 ad
1056 1596 1228 1642 Sabinos,
1262 1609 1351 1646 rege
1371 1597 1460 1633 inde

136 1655 342 1698 v-7sumpto‚
375 1648 610 1692 videbantur,
641 1655 782 1695 tamen,
812 1661 935 1697 neque
965 1661 1005 1685 se
1041 1649 1249 1697 quisquam,
1279 1662 1352 1686 nec
1382 1649 1461 1686 fac-

137 1701 161 1748 Ξ
181 1701 293 1738 tionis
322 1713 399 1736 suae
429 1700 557 1743 alium,
587 1713 659 1736 nec
689 1701 851 1748 denique
882 1701 1035 1737 Patrum
1068 1708 1132 1737 aut
1160 1701 1300 1737 civium
1331 1714 1460 1749 quem-

143 1757 161 1802 εξ
180 1766 292 1801 quam
312 1752 486 1801 praeferre
506 1752 558 1789 illi
578 1753 656 1789 viro
675 1753 770 1799 ausi⁷
800 1753 847 1789 ad
880 1766 998 1789 unum
1027 1766 1159 1789 omnes
1192 1753 1331 1789 Numae
1352 1754 1461 1790 Pom-

144 1805 161 1822 *
181 1805 269 1854 pilio
300 1817 460 1854 regnum
492 1804 739 1841 deferendum
768 1805 990 1841 decernunt.
1046 1805 1221 1848 Accitus‚
1255 1806 1353 1842 sicut
1382 1806 1462 1842 Ro-

136 1859 161 1900 ae'
181 1857 305 1894 mulus
324 1855 506 1906 augurato
525 1857 616 1893 urbe
649 1857 848 1894 condenda
877 1870 1037 1906 regnum
1066 1857 1224 1905 adeptus
1252 1865 1320 1904 est,
1354 1859 1400 1894 de
1421 1871 1460 1895 se

143 1909 162 1956 *ξ
181 1922 326 1958 quoque
359 1909 461 1946 Deos
490 1909 637 1946 consuli
665 1909 797 1958 jussit:
844 1909 931 1945 inde
952 1909 998 1945 ab
1031 1922 1173 1958 augure
1208 1908 1289 1957 (cui
1309 1910 1459 1957 deinde,

136 1949 332 1999 &honoris
351 1961 455 2010 ergo,
475 1961 668 2010 publicum
701 1961 739 1997 id
764 1969 1060 2010 perpetuumque
1089 1962 1341 1999 sacerdotium
1371 1941 1459 2014 suit)²

181 2013 395 2050 deductus'
387 2027 425 2050 in
446 2026 585 2057 arcem,
607 2013 644 2050 in
665 2013 788 2062 lapide
818 2014 864 2050 ad
894 2013 1091 2050 meridiem
1123 2026 1251 2050 versus
1277 2015 1459 2052 consedit.

137 2066 317 2115 s⁵Augur
346 2066 393 2102 ad
421 2066 552 2102 laevam
585 2065 678 2114 ejus,
709 2066 832 2114 capite
862 2065 993 2111 velato,
1028 2066 1157 2102 sedem
1190 2066 1300 2115 cepit,
1331 2067 1461 2103 dextra

183 2130 297 2155 manu
329 2118 507 2159 baculum
538 2117 620 2154 sine
649 2118 749 2154 nodo
781 2118 974 2154 aduncum
1007 2125 1153 2163 tenens,
1184 2131 1297 2166 quern
1326 2119 1461 2156 lituum

183 2170 473 2218 appellaverunt.
540 2169 636 2207 Inde
667 2170 744 2228 ubi³
778 2177 978 2218 prospectu
1008 2171 1046 2206 in
1084 2170 1214 2206 urbem
1254 2183 1460 2220 agrumque

184 2228 304 2280 capto,
325 2222 426 2259 Deos
445 2229 632 2271 precatus,
662 2222 836 2271 regiones
866 2223 921 2258 ab
940 2222 1085 2259 oriente
1118 2223 1165 2258 ad
1196 2235 1376 2259 occasum
1398 2224 1461 2260 de-

183 2270 416 2319 terminavit,
455 2275 605 2311 dextras
634 2275 679 2310 ad
701 2274 897 2311 meridiem
926 2281 1062 2323 partes,
1095 2274 1205 2311 laevas
1234 2275 1281 2311 ad
1302 2282 1461 2324 septem-

139 2324 344 2361 4otri0nem
379 2339 461 2362 esse
497 2326 600 2362 dixit.
658 2326 818 2375 Signum
855 2326 998 2370 contra,
1027 2325 1099 2375 quo
1128 2327 1344 2375 longissime
1373 2340 1462 2364 con-

184 2383 353 2425 spectum
374 2378 470 2414 oculi
493 2378 674 2421 ferebant,
695 2379 820 2415 animo
840 2378 969 2415 finivit.
1026 2379 1143 2421 Tum,
1159 2379 1251 2415 lituo
1271 2380 1309 2416 in
1329 2379 1460 2415 laevam

185 2441 338 2465 manum
359 2430 548 2474 translato,
569 2431 697 2467 dextra
719 2431 754 2467 in
777 2439 889 2480 caput
918 2431 1056 2468 Numae
1082 2431 1266 2480 imposita,
1287 2437 1460 2480 precatus
