1617 2765
590 188 727 218 LIBER
752 188 776 218 Ι.
808 197 888 219 σΑΡ.
906 198 1004 218 xxxv.
1389 191 1440 229 35

152 283 293 332 cupido
319 284 516 325 honorum,
547 289 585 319 et
618 282 680 319 cui
708 282 909 331 Tarquinii
941 289 1109 318 materna
1140 283 1287 320 tantum
1321 285 1439 333 patria

151 342 262 372 esset.
330 335 496 371 Sublatis
530 334 655 383 itaque
686 335 810 381 rebus,
845 335 1097 383 commigrant
1129 335 1304 371 Romam.
1376 338 1438 374 Ad

152 386 372 423 ,Ianiculum
394 387 486 423 forte
507 395 661 423 ventum
682 394 783 423 erat:
814 387 865 423 ibi
886 387 935 433 ei,
970 394 1150 435 carpento
1183 387 1329 424 sedenti
1351 402 1438 426 cum

152 451 278 484 uxore,
301 439 436 487 aquila,
458 439 651 488 suspensis
671 439 835 475 demissa
868 439 1003 475 leniter
1031 439 1112 485 alis,
1132 439 1273 487 pileum
1291 440 1410 477 aufert
1428 454 1437 485 3

123 502 336 539 5supe1·que
357 498 579 540 carpentum
600 504 687 527 cum
719 504 857 540 magno
890 492 1068 540 clangore
1096 491 1267 535 volitans,
1300 505 1438 538 rursus,

152 542 251 579 velut
272 543 480 580 ministerio
499 543 679 580 divinitus
709 544 835 590 missa,
866 543 979 592 capiti
1015 542 1099 591 apte
1134 544 1306 591 reponit:
1351 544 1438 581 inde

151 593 322 632 sublimis
342 595 445 632 abiit.
503 596 712 643 Accepisse
733 596 770 632 id
801 596 1002 644 augurium
1036 595 1121 631 laeta
1154 596 1292 632 dicitur
1313 596 1432 632 Tana-

151 646 241 694 quil,
257 647 387 696 perita,
409 655 450 684 ut
469 647 580 697 vulg&
601 648 767 691 Etrusci,
789 648 999 684 coelestium
1019 648 1274 696 prodigiorum
1292 649 1437 685 mulier.

151 697 314 736 Excelsa
333 707 371 736 et
397 700 471 737 alta
499 713 650 749 sperare
679 700 877 749 complexa
906 700 1024 736 virum
1053 700 1185 749 jubet:
1229 703 1251 722 “
1269 713 1351 736 eam
1374 701 1440 737 ali-

108 751 174 788 10“
194 758 269 788 tem
300 753 343 789 ea
374 753 529 801 regione
558 753 644 789 eoeli
673 760 710 789 et
731 753 812 801 ejus
841 753 914 789 Dei
944 752 1115 788 nuntiam
1137 753 1306 789 venisse:
1336 753 1441 790 circa

150 804 175 825 “
191 816 383 841 summum
403 805 555 841 culmen
576 805 740 841 hominis
760 805 971 853 auspicium
1007 804 1163 841 secisse:
1206 805 1351 841 levasse
1374 806 1441 841 liu-

151 857 175 877 “
193 869 305 893 mano
325 857 601 906 superpositum
635 857 748 905 capiti
779 857 910 900 decus,
946 864 986 893 ut
1006 857 1184 893 divinitus
1205 857 1329 893 eidem
1358 858 1440 894 red-

151 910 176 930 “
193 909 338 945 deret.'’
379 909 461 945 Has
481 922 566 958 spes
585 909 909 957 cogitationesque
929 922 1060 945 secum
1081 917 1285 957 portantes,
1307 910 1438 946 urbem

150 960 310 1009 ingressi
332 968 447 1005 sunt3
479 961 744 1008 domicilioque
766 961 817 997 ibi
847 968 1077 1009 comparato,
1110 961 1152 996 L.
1184 961 1439 1009 Tarquinium

107 1024 139 1049 15
152 1011 322 1049 Priscum
357 1012 512 1049 edidere
539 1026 691 1049 nornen.
750 1013 938 1049 Romanis
958 1013 1209 1061 conspicuum
1230 1026 1318 1049 eum
1339 1015 1440 1050 novi-

150 1071 207 1101 tas
227 1065 440 1114 divitiaeque
461 1065 673 1101 faciebant:
713 1072 751 1101 et
771 1065 849 1114 ipse
871 1065 1057 1102 fortunam
1078 1065 1245 1114 benigno
1265 1065 1438 1114 alloquio,

150 1117 328 1154 comitate
350 1117 546 1161 invitandi,
569 1117 852 1165 beneficiisque,
883 1131 975 1166 quos
1004 1124 1162 1166 poterat,
1193 1118 1263 1154 sibi
1284 1119 1440 1155 concili-

150 1169 259 1215 ando,
282 1169 505 1219 adjuvabat3
549 1170 672 1206 donec
692 1170 730 1206 in
751 1170 895 1218 regiam
925 1182 1073 1218 quoque
1103 1170 1150 1206 de
1171 1183 1216 1207 eo
1233 1170 1331 1206 fama
1359 1183 1440 1219 per-

150 1221 226 1258 lata
258 1229 339 1258 est:
386 1222 634 1270 notitiamque
664 1235 747 1258 eam
788 1222 902 1267 brevi,
941 1222 1039 1270 apud
1077 1235 1205 1271 regem
1235 1222 1439 1260 liberaliter

105 1273 354 1322 mdextreque
373 1274 550 1311 obeundo
568 1274 706 1317 officia,
734 1274 772 1310 in
807 1274 1002 1310 familiaris
1033 1274 1210 1310 amicitiae
1231 1275 1440 1312 adduxerat

149 1325 246 1374 jura,
267 1334 307 1362 ut
334 1326 496 1375 publicis
526 1327 664 1375 pariter
693 1339 738 1362 ac
766 1327 920 1375 privatis
948 1327 1116 1363 consiliis
1146 1327 1243 1363 bello
1263 1327 1438 1375 domique

152 1378 375 1422 interesset3
422 1386 471 1422 et,
504 1391 571 1428 per
600 1379 728 1415 omnia
755 1386 943 1427 expertus,
973 1378 1161 1428 postremo
1197 1386 1296 1416 tutor
1324 1380 1438 1417 etiam

151 1429 281 1467 liberis
300 1431 400 1480 regis
419 1438 645 1468 testamento
665 1430 935 1468 institueretur.

202 1533 374 1572 XXXV.
413 1535 607 1585 Regnavit
626 1536 761 1572 Ancus
782 1549 901 1573 annos
920 1544 1078 1584 quatuor
1099 1543 1136 1573 et
1156 1536 1301 1585 viginti,
1333 1537 1439 1574 cuili-

104 1599 137 1624 25
150 1585 213 1623 bet
233 1587 468 1636 superiorum
488 1601 621 1637 regum
642 1588 729 1624 belli
746 1589 924 1637 pacisque
945 1596 982 1625 et
1003 1589 1145 1625 artibus
1162 1597 1198 1625 et
1218 1589 1338 1638 gloria
1358 1603 1436 1638 par.

149 1638 235 1675 Jam
256 1639 322 1676 filii
341 1653 455 1689 prope
474 1641 656 1689 puberem
688 1648 834 1677 :etatem
855 1648 963 1677 erant
981 1654 988 1678 :
1028 1642 1073 1677 eo
1094 1641 1215 1690 magis
1235 1641 1438 1690 Tarquini-

151 1703 194 1727 us
213 1691 365 1736 instare,
395 1699 436 1729 ut
465 1692 578 1741 quam
608 1693 770 1741 primum
804 1693 959 1730 comitia
991 1694 1071 1742 regi
1102 1694 1267 1730 creando
1290 1694 1436 1731 fierent.

148 1742 303 1782 Quibus
323 1744 490 1792 indictis,
510 1745 579 1781 sub
608 1753 757 1793 tempus
786 1758 921 1793 pueros
949 1753 1126 1782 venatum
1148 1746 1359 1795 ablegavit:
1391 1747 1438 1782 is-

149 1808 220 1843 que
250 1796 393 1845 primus
420 1804 458 1834 et
486 1797 624 1846 petisse
645 1797 840 1834 ambitiose
862 1810 1035 1846 regnum,
1059 1805 1096 1834 et
1115 1798 1323 1834 orationem
1345 1798 1438 1835 dici-

103 1859 136 1885 30
148 1854 206 1884 tur
245 1849 421 1886 habuisse
450 1850 497 1886 ad
527 1850 787 1886 conciliandos
823 1850 942 1898 plebis
979 1850 1125 1886 animos
1163 1851 1409 1899 compositam
1427 1864 1436 1887 z

146 1912 275 1947 quum,
296 1904 375 1938 “se
395 1915 470 1938 non
491 1915 570 1938 rem
591 1914 726 1938 novam
755 1909 907 1950 petere3
947 1902 1084 1951 quippe
1104 1903 1167 1950 qui
1197 1916 1271 1939 non
1295 1903 1437 1951 primus

147 1953 171 1974 “
190 1952 306 2002 (quod
326 1954 523 2002 quisquam
544 1954 731 2003 indignari
754 1954 928 1990 mirarive
948 1956 1106 2003 posset),
1125 1955 1190 1991 sed
1207 1955 1339 1991 tertius
1359 1955 1438 1992 Ro-

148 2005 172 2027 “
188 2018 259 2042 mae
278 2007 501 2055 peregrinus
521 2019 680 2056 regnum
702 2007 875 2043 affectet:
923 2014 960 2043 et
991 2007 1146 2043 Tatium
1168 2020 1242 2043 non
1264 2020 1311 2043 ex
1332 2021 1438 2056 pere-

149 2058 296 2108 “grino
316 2059 449 2104 solum,
471 2059 536 2096 sed
557 2059 670 2095 etiam
700 2072 747 2095 ex
777 2060 895 2102 hoste,
916 2072 1045 2108 regem
1077 2059 1241 2095 factum:
1290 2069 1327 2096 et
1354 2060 1437 2096 Nu-

103 2110 171 2147 35“
189 2123 302 2155 mam,
325 2111 496 2160 ignarum
519 2112 633 2154 urbis,
655 2124 731 2147 non
760 2118 966 2160 petentem,
1002 2112 1039 2148 in
1057 2114 1229 2160 *regnum
1259 2112 1355 2149 ultro
1376 2125 1437 2149 ac-

148 2163 172 2185 “
189 2163 318 2200 citum.
376 2165 440 2211 Se,
460 2177 507 2200 ex
525 2177 598 2212 quo
618 2164 674 2200 sui
695 2171 828 2212 potens
842 2164 966 2207 fuerit,
989 2164 1154 2200 Romam
1171 2177 1259 2200 cum
1273 2165 1436 2214 conjuge

149 2216 173 2236 “
190 2227 235 2251 ac
254 2215 412 2253 fortunis
431 2216 920 2265 omnibus-commigrasse:
951 2217 1131 2266 majorem
1151 2224 1296 2265 partem
1317 2218 1437 2254 aetatis

149 2266 284 2316 “ejuS,
303 2269 378 2316 qua
397 2268 570 2305 civilibus
599 2268 734 2305 officiis
763 2269 968 2317 fungantur
999 2269 1184 2312 homines,
1216 2269 1352 2306 Rornae
1383 2282 1434 2315 se,

150 2320 174 2342 “
191 2318 303 2367 quarn
325 2320 361 2356 in
383 2328 507 2358 vetere
526 2321 661 2370 patria,
682 2321 841 2357 vixisse:
881 2321 982 2357 domi
1004 2321 1220 2370 militiaeque
1242 2322 1311 2358 sub
1332 2322 1433 2358 haud

105 2371 408 2420 4n“poenitendo
436 2374 626 2423 magistro,
657 2374 736 2422 ipso
766 2375 878 2409 Anco
906 2386 1009 2422 rege,
1049 2374 1226 2410 Romana
1259 2387 1298 2410 se
1337 2374 1433 2422 jura,

149 2427 174 2447 “
193 2424 387 2460 Romanos
406 2425 498 2462 ritus
517 2426 708 2462 didicisse.
765 2426 959 2474 Obsequio
992 2434 1030 2463 et
1061 2426 1300 2463 observantia
1320 2426 1357 2462 in
1379 2437 1435 2461 re-

149 2480 277 2527 “gem
298 2489 385 2513 cum
404 2477 593 2525 omuibus,
613 2478 847 2528 benignitate
876 2491 966 2527 erga
999 2479 1091 2515 alios
1121 2491 1208 2515 cum
1229 2490 1317 2526 rege
1339 2477 1432 2526 ipso,
