1617 2765
634 202 769 232 LIBER
793 201 865 232 XL.
913 211 992 232 CAP.
1012 211 1084 231 xrv.
1433 204 1511 240 273

225 302 250 323 “
265 298 409 341 utrum,
432 304 472 334 ut
491 296 679 344 placarem
700 302 750 337 te,
771 295 898 330 danda
916 307 1030 342 opera
1061 295 1140 339 fuit,
1176 303 1217 331 ut
1237 295 1347 332 aliam
1371 309 1512 344 quaere·

223 354 341 388 “rem
360 349 616 390 occasionem,
635 347 812 395 quoniam
835 347 950 383 semel
972 359 1161 383 venenum
1181 349 1424 395 paraveram?
1464 362 1509 385 an

224 402 391 438 “abillo
410 400 569 437 consilio
589 400 689 435 velut
717 399 1007 435 transiliendum
1037 399 1083 435 ad
1111 399 1211 435 aliud
1234 398 1315 441 suit,
1347 407 1386 436 ut
1416 400 1513 437 ferro

223 458 247 478 ‘4
262 461 311 497 te,
340 460 378 490 et
403 452 556 500 quidem
586 464 631 488 eo
659 451 732 494 die,
762 464 827 500 per
857 451 1023 499 speciem
1053 451 1342 497 comissationis,
1362 453 1512 488 occide-

192 506 372 542 5“rem‘l
428 504 520 544 Quo
556 504 695 540 deinde
733 503 857 545 modo,
889 503 919 539 si
955 512 989 539 te
1019 511 1121 539 metu
1151 503 1279 539 mortis
1309 504 1510 540 credebam

222 562 410 594 “coenam
443 556 604 593 evitasse
637 567 774 598 meam,
805 568 881 591 non
912 555 958 591 ab
987 556 1120 592 eodem
1151 562 1253 592 metu
1282 555 1513 592 comissatio-

223 613 349 646 “nem
368 621 514 658 quoque
533 608 761 645 evitaturum
781 607 1044 644 existimabam
1063 609 1076 643 ἵ

273 713 384 751 XIV.
425 712 550 750 “Non
571 720 628 749 est
648 725 720 756 res,
750 713 823 761 qua
853 712 1090 756 erubescam,
1121 720 1237 761 pater,
1268 713 1298 749 si
1328 712 1390 749 die
1420 712 1513 750 festo

222 765 358 802 “inter
387 766 549 814 aequales
578 765 738 814 largiore
770 766 855 801 vino
884 778 966 801 sum
988 778 1100 801 usus:
1148 773 1186 801 tu
1207 778 1367 814 quoque,
1388 765 1511 810 velim,

177 830 207 855 ιο
221 821 245 842 “
259 817 440 866 inquiras,
461 818 535 866 qua
555 817 699 862 laetitia,
720 831 794 866 quo
813 817 898 854 lusu
919 817 1018 865 apud
1039 830 1098 853 me
1118 817 1351 854 celebratum
1372 818 1514 854 hester-

221 874 246 894 “
259 883 352 906 num
372 870 587 907 convivium
608 870 667 913 sit,
695 870 758 906 illo
778 870 891 906 etiam
928 870 1059 917 (pravo
1079 869 1250 920 forsitan)
1271 870 1412 919 gaudio
1431 883 1514 918 pro·

222 927 245 946 “
259 922 433 968 vehente,
450 921 549 971 unJd
571 922 608 958 in
625 922 793 970 juvenali
822 935 1010 958 armorum
1044 923 1253 958 certamine
1273 935 1358 970 pars
1386 930 1514 958 nostra

222 978 246 998 “
259 987 334 1011 non
355 974 510 1011 inferior
540 974 670 1010 fuerat.
729 974 882 1010 Miseria
912 975 992 1009 haeo
1019 981 1056 1010 et
1085 982 1208 1010 metus
1236 974 1429 1022 crapulam
1464 974 1514 1010 fa-

221 1025 333 1062 “cile
353 1033 631 1070 excusserunt3
668 1038 751 1074 quae
772 1026 802 1061 si
832 1038 908 1061 non
938 1026 1242 1069 intervenissent,
1274 1026 1513 1062 insidiatores

177 1081 327 1116 15“nos
363 1078 473 1126 sopiti
505 1078 734 1127 jaceremus.
805 1077 847 1114 Si
876 1078 1030 1114 domum
1069 1085 1171 1115 tuam
1211 1085 1512 1127 expugnaturus,

221 1132 367 1178 “capta
387 1131 509 1175 domo,
540 1130 736 1166 dominum
767 1129 1034 1166 interfecturus
1059 1143 1174 1175 eram,
1205 1143 1280 1167 non
1311 1133 1513 1179 temperas-

221 1186 338 1218 “sem
359 1182 445 1219 vino
465 1183 504 1219 in
524 1195 642 1218 unum
663 1182 763 1218 diem
780 1182 795 1218 ‘l
838 1195 913 1218 non
935 1182 1072 1218 milites
1091 1183 1356 1219 abstinuissem
1378 1184 1511 1219 meos?

222 1239 246 1259 “
261 1234 322 1278 Et,
344 1247 393 1271 ne
413 1247 484 1284 ego
504 1247 563 1270 me
584 1234 685 1271 solus
705 1234 824 1270 nimia
844 1234 1084 1283 simplicitate
1114 1242 1232 1280 tuear,
1266 1235 1345 1283 ipse
1364 1248 1511 1283 quoque

222 1287 415 1323 “minime
436 1287 556 1323 malus
577 1299 622 1323 ac
650 1286 827 1335 suspicax
860 1286 986 1331 frater,
1019 1286 1150 1323 ‘Nihil
1185 1287 1287 1323 aliud
1321 1287 1428 1333 scio‚’
1458 1288 1513 1323 in-

175 1352 207 1376 20
223 1342 246 1362 “
259 1338 352 1388 quit,
382 1344 391 1362 ⁶
409 1339 502 1376 nihil
532 1351 662 1388 arguo,
683 1339 755 1375 nisi
776 1337 873 1387 quud
894 1351 981 1374 cum
1013 1338 1110 1375 ferro
1130 1339 1372 1376 comissatum
1403 1351 1513 1376 vene-

222 1391 396 1428 “‘runt.'
453 1391 494 1428 Si
523 1404 704 1440 quaeram,
736 1391 836 1427 unde
866 1391 903 1427 id
935 1390 1056 1439 ipsum
1086 1391 1230 1434 scieris,
1262 1404 1419 1428 necesse
1441 1392 1512 1428 erit

222 1448 296 1480 “te
317 1443 437 1487 fateri,
459 1451 523 1480 aut
542 1443 819 1491 speculatorum
853 1451 1001 1479 tuorum
1031 1443 1182 1492 plenam
1212 1445 1366 1481 domum
1396 1444 1511 1480 fuisse

223 1499 246 1520 “
261 1508 400 1542 meam,
430 1503 493 1532 aut
531 1496 612 1532 illos
650 1496 702 1532 ita
731 1497 859 1544 aperte
891 1496 1096 1544 sumpsisse
1127 1496 1280 1543 ferrum,
1310 1504 1351 1533 ut
1379 1509 1512 1532 omnes

221 1551 246 1572 “
261 1548 443 1584 viderent.
502 1548 562 1593 Et,
584 1561 632 1583 ne
652 1548 742 1596 quid
764 1548 842 1596 ipse
863 1554 928 1583 aut
946 1547 1050 1595 prius
1080 1548 1293 1595 inquisisse,
1315 1556 1379 1585 aut
1408 1561 1512 1585 nunc

175 1602 246 1636 25⁴⁵
260 1600 462 1637 criminose
493 1600 749 1648 argumentari
771 1600 972 1646 videretur,
1005 1607 1041 1636 te
1070 1613 1237 1648 quaerere
1269 1614 1316 1637 ex
1337 1601 1395 1647 iis,
1420 1613 1512 1648 quos

221 1652 507 1698 “nominasset,
523 1652 693 1701 jubebat,
716 1665 763 1688 an
796 1652 934 1688 serrum
962 1652 1208 1697 habuissent3
1247 1661 1300 1695 ut,
1321 1660 1512 1700 tamquam

222 1707 246 1728 “
260 1704 298 1740 in
332 1717 372 1740 re
401 1704 531 1750 dubia,
567 1717 683 1752 quum
713 1704 750 1740 id
784 1703 983 1751 quaesisses
1013 1705 1111 1752 quod
1141 1705 1211 1752 ipsi
1243 1705 1420 1747 fatentur,
1447 1717 1513 1752 pro

222 1756 445 1793 “convictis
475 1757 717 1793 haberentur.
783 1756 892 1795 Quin
913 1763 953 1792 tu
988 1756 1078 1792 illud
1111 1757 1226 1804 quaeri
1261 1757 1385 1806 jubes,
1419 1769 1510 1793 num

221 1812 246 1834 “
259 1808 313 1845 tui
333 1808 535 1845 occidendi
555 1810 670 1845 causa
704 1808 843 1845 ferrum
863 1808 1092 1856 sumpserint
1109 1810 1122 1844 2
1163 1822 1253 1845 num
1275 1822 1335 1845 me
1355 1816 1510 1845 auctore

180 1864 246 1897 3οιι
258 1867 296 1897 et
315 1861 491 1897 sciente?
547 1860 634 1897 Hoc
664 1861 767 1897 enim
801 1861 918 1896 videri
950 1860 1014 1905 vis,
1042 1873 1118 1897 non
1138 1861 1243 1904 illud,
1274 1861 1373 1909 quod
1394 1860 1512 1897 faten-

221 1917 246 1936 “
259 1920 332 1956 tur,
354 1920 390 1949 et
410 1911 533 1961 palam
552 1920 620 1958 est,
640 1920 678 1949 et
697 1913 753 1949 sui
775 1926 813 1949 se
835 1913 965 1949 tuendi
1000 1915 1114 1949 causa
1140 1914 1345 1962 sumpsisse
1366 1913 1510 1950 dicunt.

222 1964 387 2002 “Recte
407 1977 454 2001 an
476 1977 670 2013 perperam
702 1965 875 2007 fecerint,
911 1965 981 2012 ipsi
1016 1965 1073 2001 sui
1104 1965 1192 2002 facti
1224 1966 1409 2002 rationem
1429 1965 1512 2002 red-

222 2017 363 2054 “dent.
419 2017 548 2054 Meam
569 2029 737 2061 causam,
757 2029 839 2065 quae
860 2017 953 2053 nihil
987 2029 1032 2053 eo
1067 2017 1165 2054 facto
1195 2018 1442 2066 contingitur,
1464 2030 1510 2053 ne

222 2073 247 2094 ‘⁶
260 2069 458 2106 miscueris
475 2082 485 2113 3
522 2076 587 2106 aut
605 2069 767 2118 explica,
787 2070 916 2106 utrum
938 2069 1063 2117 aperte
1082 2082 1127 2105 an
1142 2070 1239 2105 clam
1258 2078 1293 2106 te
1314 2083 1512 2118 aggressu-

176 2122 289 2158 35“ri
328 2121 520 2158 fuerimus.
579 2121 620 2158 Si
656 2122 795 2170 aperte,
836 2135 902 2158 cur
939 2134 1014 2158 non
1046 2135 1179 2158 omnes
1214 2122 1353 2158 ferrum
1380 2122 1510 2158 habui-

222 2180 246 2200 “
262 2174 374 2210 mus?
420 2186 487 2210 cur
508 2186 620 2210 nemo
639 2182 772 2222 praeter
792 2187 869 2217 eos,
901 2173 963 2221 qui
995 2181 1101 2210 tuum
1135 2175 1411 2222 speculatorem
1432 2174 1512 2223 pul-

222 2232 247 2253 4‘
260 2226 419 2263 sarunt‘!
457 2226 487 2262 si
508 2226 619 2273 clam,
639 2226 722 2274 quis
736 2227 829 2264 ordo
847 2226 996 2263 consilii
1018 2226 1086 2263 fuit
1102 2228 1115 2262 ’ἒ
1174 2226 1357 2264 Convivio
1376 2226 1511 2272 soluto,

223 2285 376 2327 “quum
406 2278 626 2316 comissator
655 2292 726 2328 ego
755 2279 1030 2325 discessissem,
1063 2287 1221 2327 quatuor
1242 2279 1509 2322 substitissent,

224 2337 248 2356 aa
263 2340 303 2368 ut
340 2331 502 2379 sopitum
541 2339 577 2368 te
611 2332 906 2380 aggrederentur
925 2332 940 2367 ’ἔ
987 2333 1175 2380 quomodo
1209 2332 1441 2376 fefellissent,
1473 2338 1510 2367 et

178 2395 210 2420 4ο
225 2390 248 2409 “
263 2383 390 2426 alieni,
411 2393 448 2420 et
468 2383 556 2430 mei,
575 2391 613 2420 et
628 2383 794 2420 maxime
815 2384 994 2432 suspecti,
1014 2384 1102 2432 quia
1120 2384 1231 2433 paulo
1257 2383 1344 2421 ante
1370 2383 1408 2419 in
1429 2383 1510 2419 rixa

224 2436 439 2473 “fuerant?
487 2436 673 2484 quomodo
707 2444 843 2481 autem,
875 2436 1063 2473 trucidato
1091 2446 1141 2481 te,
1173 2437 1241 2485 ipsi
1262 2436 1409 2473 evasuri
1432 2435 1510 2471 fue-

224 2494 248 2514 “
262 2489 363 2526 rint?
396 2495 553 2537 quatuor
578 2488 714 2538 gladiis
733 2489 867 2526 domus
886 2496 950 2526 tua
969 2489 1053 2538 capi
1073 2497 1111 2526 et
1130 2488 1337 2538 expugnari
1356 2487 1476 2539 potuit
1493 2489 1507 2524 ”l
