<?xml version="1.0" encoding="UTF-8"?>
<!DOCTYPE html PUBLIC "-//W3C//DTD XHTML 1.0 Transitional//EN"
    "http://www.w3.org/TR/xhtml1/DTD/xhtml1-transitional.dtd">
<html xmlns="http://www.w3.org/1999/xhtml" xml:lang="en" lang="en">
 <head>
  <title>
</title>
<meta http-equiv="Content-Type" content="text/html;charset=utf-8" />
  <meta name='ocr-system' content='tesseract 3.04.00' />
  <meta name='ocr-capabilities' content='ocr_page ocr_carea ocr_par ocr_line ocrx_word'/>
</head>
<body>
  <div class='ocr_page' id='page_1' title='image "./historiarumliber00livyuoft_0210.png"; bbox 0 0 1617 2765; ppageno 0'>
   <div class='ocr_carea' id='block_1_1' title="bbox 178 229 922 269">
    <p class='ocr_par' dir='ltr' id='par_1_1' title="bbox 178 229 922 269">
     <span class='ocr_line' id='line_1_1' title="bbox 178 229 922 269; baseline 0 -9"><span class='ocrx_word' id='word_1_1' title='bbox 178 229 250 269; x_wconf 77' lang='lat'>192</span> <span class='ocrx_word' id='word_1_2' title='bbox 697 229 788 260; x_wconf 90' lang='lat' dir='ltr'>T1T1</span> <span class='ocrx_word' id='word_1_3' title='bbox 811 229 922 260; x_wconf 78' lang='lat' dir='ltr'>Lrvn</span> 
     </span>
    </p>
   </div>
   <div class='ocr_carea' id='block_1_2' title="bbox 172 323 1503 944">
    <p class='ocr_par' dir='ltr' id='par_1_2' title="bbox 172 323 1503 944">
     <span class='ocr_line' id='line_1_2' title="bbox 173 323 1452 383; baseline -0.001 -22"><span class='ocrx_word' id='word_1_4' title='bbox 173 323 265 383; x_wconf 89' lang='lat' dir='ltr'>perii</span> <span class='ocrx_word' id='word_1_5' title='bbox 285 330 376 370; x_wconf 89' lang='lat' dir='ltr'>erat,</span> <span class='ocrx_word' id='word_1_6' title='bbox 396 323 489 360; x_wconf 90' lang='lat' dir='ltr'>nihil</span> <span class='ocrx_word' id='word_1_7' title='bbox 510 323 682 361; x_wconf 90' lang='lat' dir='ltr'>consulto</span> <span class='ocrx_word' id='word_1_8' title='bbox 711 324 870 373; x_wconf 69' lang='lat' dir='ltr'>collega,</span> <span class='ocrx_word' id='word_1_9' title='bbox 891 324 1040 372; x_wconf 86' lang='lat' dir='ltr'>signum</span> <span class='ocrx_word' id='word_1_10' title='bbox 1071 336 1206 372; x_wconf 86' lang='lat' dir='ltr'>pugnae</span> <span class='ocrx_word' id='word_1_11' title='bbox 1236 323 1452 372; x_wconf 89' lang='lat' dir='ltr'>proposuit;</span> 
     </span>
     <span class='ocr_line' id='line_1_3' title="bbox 175 375 1456 424; baseline -0.002 -11"><span class='ocrx_word' id='word_1_12' title='bbox 175 376 448 424; x_wconf 85' lang='lat' dir='ltr'>instructasque</span> <span class='ocrx_word' id='word_1_13' title='bbox 469 376 597 424; x_wconf 88' lang='lat' dir='ltr'>copias</span> <span class='ocrx_word' id='word_1_14' title='bbox 626 375 766 412; x_wconf 89' lang='lat' dir='ltr'>flumen</span> <span class='ocrx_word' id='word_1_15' title='bbox 787 376 963 422; x_wconf 82' lang='lat' dir='ltr'><strong>traduxit,</strong></span> <span class='ocrx_word' id='word_1_16' title='bbox 997 383 1178 423; x_wconf 90' lang='lat' dir='ltr'>sequente</span> <span class='ocrx_word' id='word_1_17' title='bbox 1198 375 1339 419; x_wconf 83' lang='lat' dir='ltr'>Paulo3</span> <span class='ocrx_word' id='word_1_18' title='bbox 1368 376 1456 424; x_wconf 88' lang='lat' dir='ltr'>quia</span> 
     </span>
     <span class='ocr_line' id='line_1_4' title="bbox 173 427 1454 485; baseline -0.001 -21"><span class='ocrx_word' id='word_1_19' title='bbox 173 428 293 478; x_wconf 85' lang='lat' dir='ltr'>magis</span> <span class='ocrx_word' id='word_1_20' title='bbox 312 441 386 465; x_wconf 91' lang='lat' dir='ltr'>non</span> <span class='ocrx_word' id='word_1_21' title='bbox 416 428 585 476; x_wconf 87' lang='lat' dir='ltr'>probare,</span> <span class='ocrx_word' id='word_1_22' title='bbox 614 440 726 476; x_wconf 78' lang='lat' dir='ltr'>quam</span> <span class='ocrx_word' id='word_1_23' title='bbox 755 440 830 464; x_wconf 86' lang='lat' dir='ltr'>non</span> <span class='ocrx_word' id='word_1_24' title='bbox 860 427 1050 485; x_wconf 81' lang='lat' dir='ltr'>adjuvare,</span> <span class='ocrx_word' id='word_1_25' title='bbox 1079 427 1279 463; x_wconf 87' lang='lat' dir='ltr'>consilium</span> <span class='ocrx_word' id='word_1_26' title='bbox 1299 435 1454 475; x_wconf 89' lang='lat' dir='ltr'>poterat.</span> 
     </span>
     <span class='ocr_line' id='line_1_5' title="bbox 174 479 1456 529; baseline -0.002 -12"><span class='ocrx_word' id='word_1_27' title='bbox 174 480 420 529; x_wconf 90' lang='lat' dir='ltr'>Transgressi</span> <span class='ocrx_word' id='word_1_28' title='bbox 441 479 581 516; x_wconf 90' lang='lat' dir='ltr'>flumen</span> <span class='ocrx_word' id='word_1_29' title='bbox 611 492 674 515; x_wconf 90' lang='lat' dir='ltr'>eas</span> <span class='ocrx_word' id='word_1_30' title='bbox 703 492 863 527; x_wconf 90' lang='lat' dir='ltr'>quoque,</span> <span class='ocrx_word' id='word_1_31' title='bbox 900 492 993 527; x_wconf 91' lang='lat' dir='ltr'>quas</span> <span class='ocrx_word' id='word_1_32' title='bbox 1022 479 1060 515; x_wconf 92' lang='lat' dir='ltr'>in</span> <span class='ocrx_word' id='word_1_33' title='bbox 1095 479 1227 515; x_wconf 85' lang='lat' dir='ltr'>castris</span> <span class='ocrx_word' id='word_1_34' title='bbox 1248 479 1456 515; x_wconf 88' lang='lat' dir='ltr'>minoribus</span> 
     </span>
     <span class='ocr_line' id='line_1_6' title="bbox 173 531 1501 580; baseline -0.002 -12"><span class='ocrx_word' id='word_1_35' title='bbox 173 532 396 574; x_wconf 84' lang='lat' dir='ltr'><strong>habuerant,</strong></span> <span class='ocrx_word' id='word_1_36' title='bbox 417 531 545 580; x_wconf 88' lang='lat' dir='ltr'>copias</span> <span class='ocrx_word' id='word_1_37' title='bbox 567 531 645 567; x_wconf 89' lang='lat' dir='ltr'>suis</span> <span class='ocrx_word' id='word_1_38' title='bbox 664 531 900 580; x_wconf 87' lang='lat' dir='ltr'>adjungunt·</span> <span class='ocrx_word' id='word_1_39' title='bbox 892 559 901 575; x_wconf 87' lang='lat'>,</span> <span class='ocrx_word' id='word_1_40' title='bbox 945 539 1055 579; x_wconf 85' lang='lat' dir='ltr'>atque</span> <span class='ocrx_word' id='word_1_41' title='bbox 1086 531 1137 567; x_wconf 91' lang='lat' dir='ltr'>ita</span> <span class='ocrx_word' id='word_1_42' title='bbox 1156 531 1340 567; x_wconf 86' lang='lat' dir='ltr'>instructa</span> <span class='ocrx_word' id='word_1_43' title='bbox 1360 531 1454 576; x_wconf 88' lang='lat' dir='ltr'>acie,</span> <span class='ocrx_word' id='word_1_44' title='bbox 1484 542 1501 567; x_wconf 89' lang='lat'>5</span> 
     </span>
     <span class='ocr_line' id='line_1_7' title="bbox 173 582 1456 633; baseline -0.002 -13"><span class='ocrx_word' id='word_1_45' title='bbox 173 584 210 620; x_wconf 90' lang='lat' dir='ltr'>in</span> <span class='ocrx_word' id='word_1_46' title='bbox 232 585 362 620; x_wconf 80' lang='lat' dir='ltr'>dextro</span> <span class='ocrx_word' id='word_1_47' title='bbox 382 596 500 619; x_wconf 91' lang='lat' dir='ltr'>cornu</span> <span class='ocrx_word' id='word_1_48' title='bbox 522 583 578 631; x_wconf 93' lang='lat' dir='ltr'>(id</span> <span class='ocrx_word' id='word_1_49' title='bbox 606 590 685 619; x_wconf 89' lang='lat' dir='ltr'>erat</span> <span class='ocrx_word' id='word_1_50' title='bbox 706 583 851 620; x_wconf 90' lang='lat' dir='ltr'>flumini</span> <span class='ocrx_word' id='word_1_51' title='bbox 880 583 1048 633; x_wconf 88' lang='lat' dir='ltr'>propius)</span> <span class='ocrx_word' id='word_1_52' title='bbox 1088 582 1284 619; x_wconf 87' lang='lat' dir='ltr'>Romanos</span> <span class='ocrx_word' id='word_1_53' title='bbox 1312 582 1456 630; x_wconf 87' lang='lat' dir='ltr'>equites</span> 
     </span>
     <span class='ocr_line' id='line_1_8' title="bbox 172 634 1458 683; baseline -0.002 -11"><span class='ocrx_word' id='word_1_54' title='bbox 172 635 310 681; x_wconf 89' lang='lat' dir='ltr'>locant,</span> <span class='ocrx_word' id='word_1_55' title='bbox 332 635 469 671; x_wconf 89' lang='lat' dir='ltr'>deinde</span> <span class='ocrx_word' id='word_1_56' title='bbox 489 635 633 683; x_wconf 84' lang='lat' dir='ltr'>pedites</span> <span class='ocrx_word' id='word_1_57' title='bbox 651 647 659 671; x_wconf 93' lang='lat'><strong>:</strong></span> <span class='ocrx_word' id='word_1_58' title='bbox 687 635 821 671; x_wconf 83' lang='lat' dir='ltr'>laevurn</span> <span class='ocrx_word' id='word_1_59' title='bbox 841 647 958 672; x_wconf 91' lang='lat' dir='ltr'>cornu</span> <span class='ocrx_word' id='word_1_60' title='bbox 988 634 1145 671; x_wconf 86' lang='lat' dir='ltr'>extremi</span> <span class='ocrx_word' id='word_1_61' title='bbox 1175 635 1320 682; x_wconf 85' lang='lat' dir='ltr'>equites</span> <span class='ocrx_word' id='word_1_62' title='bbox 1340 634 1458 671; x_wconf 90' lang='lat' dir='ltr'>socio-</span> 
     </span>
     <span class='ocr_line' id='line_1_9' title="bbox 172 686 1456 735; baseline -0.002 -11"><span class='ocrx_word' id='word_1_63' title='bbox 172 700 268 731; x_wconf 86' lang='lat' dir='ltr'>rum,</span> <span class='ocrx_word' id='word_1_64' title='bbox 290 686 388 724; x_wconf 72' lang='lat' dir='ltr'>intra</span> <span class='ocrx_word' id='word_1_65' title='bbox 416 687 574 735; x_wconf 89' lang='lat' dir='ltr'>pedites,</span> <span class='ocrx_word' id='word_1_66' title='bbox 605 686 651 722; x_wconf 91' lang='lat' dir='ltr'>ad</span> <span class='ocrx_word' id='word_1_67' title='bbox 671 686 838 722; x_wconf 91' lang='lat' dir='ltr'>medium</span> <span class='ocrx_word' id='word_1_68' title='bbox 864 687 987 735; x_wconf 89' lang='lat' dir='ltr'>juncti</span> <span class='ocrx_word' id='word_1_69' title='bbox 1015 686 1228 735; x_wconf 82' lang='lat' dir='ltr'>legionibus</span> <span class='ocrx_word' id='word_1_70' title='bbox 1256 687 1456 733; x_wconf 87' lang='lat' dir='ltr'>Romanis,</span> 
     </span>
     <span class='ocr_line' id='line_1_10' title="bbox 172 738 1459 787; baseline 0 -12"><span class='ocrx_word' id='word_1_71' title='bbox 172 746 378 776; x_wconf 89' lang='lat' dir='ltr'>tenuerunt</span> <span class='ocrx_word' id='word_1_72' title='bbox 395 751 403 774; x_wconf 89' lang='lat'>:</span> <span class='ocrx_word' id='word_1_73' title='bbox 428 738 655 787; x_wconf 86' lang='lat' dir='ltr'>jaculatores</span> <span class='ocrx_word' id='word_1_74' title='bbox 675 751 763 774; x_wconf 88' lang='lat' dir='ltr'>cum</span> <span class='ocrx_word' id='word_1_75' title='bbox 784 739 931 774; x_wconf 85' lang='lat' dir='ltr'>caeteris</span> <span class='ocrx_word' id='word_1_76' title='bbox 959 738 1096 774; x_wconf 85' lang='lat' dir='ltr'>levium</span> <span class='ocrx_word' id='word_1_77' title='bbox 1117 751 1305 775; x_wconf 90' lang='lat' dir='ltr'>armorum</span> <span class='ocrx_word' id='word_1_78' title='bbox 1325 738 1459 776; x_wconf 85' lang='lat' dir='ltr'>auxili-</span> 
     </span>
     <span class='ocr_line' id='line_1_11' title="bbox 173 790 1503 839; baseline 0 -12"><span class='ocrx_word' id='word_1_79' title='bbox 173 791 203 827; x_wconf 97' lang='lat' dir='ltr'>is</span> <span class='ocrx_word' id='word_1_80' title='bbox 222 791 344 839; x_wconf 88' lang='lat' dir='ltr'>prima</span> <span class='ocrx_word' id='word_1_81' title='bbox 363 790 464 827; x_wconf 87' lang='lat' dir='ltr'>acies</span> <span class='ocrx_word' id='word_1_82' title='bbox 485 791 594 826; x_wconf 87' lang='lat' dir='ltr'>facta.</span> <span class='ocrx_word' id='word_1_83' title='bbox 652 790 838 826; x_wconf 85' lang='lat' dir='ltr'>Consules</span> <span class='ocrx_word' id='word_1_84' title='bbox 870 802 1012 826; x_wconf 88' lang='lat' dir='ltr'>cornua</span> <span class='ocrx_word' id='word_1_85' title='bbox 1044 797 1269 834; x_wconf 81' lang='lat' dir='ltr'>tenuerunt3</span> <span class='ocrx_word' id='word_1_86' title='bbox 1313 790 1459 826; x_wconf 89' lang='lat' dir='ltr'>Teren·</span> <span class='ocrx_word' id='word_1_87' title='bbox 1474 802 1503 827; x_wconf 79' lang='grc' dir='ltr'>ιο</span> 
     </span>
     <span class='ocr_line' id='line_1_12' title="bbox 173 841 1459 888; baseline 0 -9"><span class='ocrx_word' id='word_1_88' title='bbox 173 844 247 879; x_wconf 89' lang='lat' dir='ltr'>tius</span> <span class='ocrx_word' id='word_1_89' title='bbox 282 842 430 888; x_wconf 83' lang='lat' dir='ltr'>laevum,</span> <span class='ocrx_word' id='word_1_90' title='bbox 464 842 642 879; x_wconf 89' lang='lat' dir='ltr'>AEmilius</span> <span class='ocrx_word' id='word_1_91' title='bbox 675 842 861 878; x_wconf 87' lang='lat' dir='ltr'>dextrum.</span> <span class='ocrx_word' id='word_1_92' title='bbox 934 841 1098 878; x_wconf 90' lang='lat' dir='ltr'>Gemino</span> <span class='ocrx_word' id='word_1_93' title='bbox 1140 842 1298 878; x_wconf 90' lang='lat' dir='ltr'>Servilio</span> <span class='ocrx_word' id='word_1_94' title='bbox 1333 842 1459 879; x_wconf 89' lang='lat' dir='ltr'>media</span> 
     </span>
     <span class='ocr_line' id='line_1_13' title="bbox 172 895 580 944; baseline -0.002 -13"><span class='ocrx_word' id='word_1_95' title='bbox 172 907 302 944; x_wconf 85' lang='lat' dir='ltr'>pugna</span> <span class='ocrx_word' id='word_1_96' title='bbox 322 895 463 931; x_wconf 88' lang='lat' dir='ltr'>tuenda</span> <span class='ocrx_word' id='word_1_97' title='bbox 481 895 580 931; x_wconf 89' lang='lat' dir='ltr'>data.</span> 
     </span>
    </p>
   </div>
   <div class='ocr_carea' id='block_1_3' title="bbox 158 999 1507 2337">
    <p class='ocr_par' dir='ltr' id='par_1_3' title="bbox 158 999 1507 2337">
     <span class='ocr_line' id='line_1_14' title="bbox 224 999 1458 1048; baseline 0 -12"><span class='ocrx_word' id='word_1_98' title='bbox 224 999 370 1036; x_wconf 90' lang='lat' dir='ltr'><strong>XLVI.</strong></span> <span class='ocrx_word' id='word_1_99' title='bbox 401 999 595 1036; x_wconf 87' lang='lat' dir='ltr'>Hannibal</span> <span class='ocrx_word' id='word_1_100' title='bbox 615 999 701 1036; x_wconf 91' lang='lat' dir='ltr'>luce</span> <span class='ocrx_word' id='word_1_101' title='bbox 729 999 863 1048; x_wconf 73' lang='lat' dir='ltr'>prima,</span> <span class='ocrx_word' id='word_1_102' title='bbox 884 999 1106 1036; x_wconf 86' lang='lat' dir='ltr'>Balearibus</span> <span class='ocrx_word' id='word_1_103' title='bbox 1135 999 1282 1048; x_wconf 85' lang='lat' dir='ltr'>levique</span> <span class='ocrx_word' id='word_1_104' title='bbox 1311 999 1382 1036; x_wconf 69' lang='lat' dir='ltr'>alia</span> <span class='ocrx_word' id='word_1_105' title='bbox 1402 1012 1458 1036; x_wconf 86' lang='lat' dir='ltr'>ar-</span> 
     </span>
     <span class='ocr_line' id='line_1_15' title="bbox 158 1051 1458 1102; baseline -0.001 -14"><span class='ocrx_word' id='word_1_106' title='bbox 158 1053 318 1088; x_wconf 50' lang='lat' dir='ltr'>&gt;matura</span> <span class='ocrx_word' id='word_1_107' title='bbox 336 1052 543 1100; x_wconf 65' lang='lat' dir='ltr'>praemissa,</span> <span class='ocrx_word' id='word_1_108' title='bbox 565 1059 820 1102; x_wconf 85' lang='lat' dir='ltr'>transgressus</span> <span class='ocrx_word' id='word_1_109' title='bbox 841 1051 995 1094; x_wconf 88' lang='lat' dir='ltr'>flumen,</span> <span class='ocrx_word' id='word_1_110' title='bbox 1028 1059 1069 1089; x_wconf 91' lang='lat' dir='ltr'>ut</span> <span class='ocrx_word' id='word_1_111' title='bbox 1097 1065 1263 1101; x_wconf 88' lang='lat' dir='ltr'>quosque</span> <span class='ocrx_word' id='word_1_112' title='bbox 1282 1051 1458 1088; x_wconf 83' lang='lat' dir='ltr'>traduxe-</span> 
     </span>
     <span class='ocr_line' id='line_1_16' title="bbox 172 1103 1503 1152; baseline 0.001 -12"><span class='ocrx_word' id='word_1_113' title='bbox 172 1114 242 1150; x_wconf 86' lang='lat' dir='ltr'>rat,</span> <span class='ocrx_word' id='word_1_114' title='bbox 262 1104 313 1140; x_wconf 90' lang='lat' dir='ltr'>ita</span> <span class='ocrx_word' id='word_1_115' title='bbox 333 1104 370 1140; x_wconf 92' lang='lat' dir='ltr'>in</span> <span class='ocrx_word' id='word_1_116' title='bbox 392 1104 474 1140; x_wconf 86' lang='lat' dir='ltr'>acie</span> <span class='ocrx_word' id='word_1_117' title='bbox 490 1104 638 1140; x_wconf 89' lang='lat' dir='ltr'>locabat</span> <span class='ocrx_word' id='word_1_118' title='bbox 656 1117 664 1140; x_wconf 90' lang='lat'>:</span> <span class='ocrx_word' id='word_1_119' title='bbox 693 1104 821 1140; x_wconf 88' lang='lat' dir='ltr'>Gallos</span> <span class='ocrx_word' id='word_1_120' title='bbox 842 1104 1106 1152; x_wconf 86' lang='lat' dir='ltr'>Hispanosque</span> <span class='ocrx_word' id='word_1_121' title='bbox 1126 1105 1271 1152; x_wconf 89' lang='lat' dir='ltr'>equites</span> <span class='ocrx_word' id='word_1_122' title='bbox 1286 1116 1399 1152; x_wconf 86' lang='lat' dir='ltr'>prope</span> <span class='ocrx_word' id='word_1_123' title='bbox 1412 1103 1458 1140; x_wconf 89' lang='lat' dir='ltr'>ri·</span> <span class='ocrx_word' id='word_1_124' title='bbox 1473 1118 1503 1143; x_wconf 89' lang='lat'>15</span> 
     </span>
     <span class='ocr_line' id='line_1_17' title="bbox 172 1155 1458 1204; baseline 0.001 -13"><span class='ocrx_word' id='word_1_125' title='bbox 172 1168 258 1204; x_wconf 89' lang='lat' dir='ltr'>pam</span> <span class='ocrx_word' id='word_1_126' title='bbox 278 1155 371 1192; x_wconf 80' lang='lat' dir='ltr'>laevo</span> <span class='ocrx_word' id='word_1_127' title='bbox 391 1156 428 1192; x_wconf 92' lang='lat' dir='ltr'>in</span> <span class='ocrx_word' id='word_1_128' title='bbox 449 1168 568 1192; x_wconf 87' lang='lat' dir='ltr'>cornu</span> <span class='ocrx_word' id='word_1_129' title='bbox 588 1156 765 1192; x_wconf 85' lang='lat' dir='ltr'>adversus</span> <span class='ocrx_word' id='word_1_130' title='bbox 783 1156 1001 1192; x_wconf 89' lang='lat' dir='ltr'>Romanum</span> <span class='ocrx_word' id='word_1_131' title='bbox 1021 1157 1229 1204; x_wconf 84' lang='lat' dir='ltr'>equitatum</span> <span class='ocrx_word' id='word_1_132' title='bbox 1247 1169 1255 1192; x_wconf 72' lang='grc' dir='ltr'>ε</span> <span class='ocrx_word' id='word_1_133' title='bbox 1284 1156 1458 1192; x_wconf 88' lang='lat' dir='ltr'>dextrum</span> 
     </span>
     <span class='ocr_line' id='line_1_18' title="bbox 173 1207 1458 1255; baseline 0 -12"><span class='ocrx_word' id='word_1_134' title='bbox 173 1220 291 1244; x_wconf 88' lang='lat' dir='ltr'>cornu</span> <span class='ocrx_word' id='word_1_135' title='bbox 314 1207 494 1243; x_wconf 91' lang='lat' dir='ltr'>Numidis</span> <span class='ocrx_word' id='word_1_136' title='bbox 525 1208 714 1255; x_wconf 90' lang='lat' dir='ltr'>equitibus</span> <span class='ocrx_word' id='word_1_137' title='bbox 743 1208 885 1252; x_wconf 88' lang='lat' dir='ltr'>datum,</span> <span class='ocrx_word' id='word_1_138' title='bbox 914 1207 1042 1243; x_wconf 74' lang='lat' dir='ltr'>media</span> <span class='ocrx_word' id='word_1_139' title='bbox 1070 1208 1152 1243; x_wconf 85' lang='lat' dir='ltr'>acie</span> <span class='ocrx_word' id='word_1_140' title='bbox 1179 1207 1368 1255; x_wconf 90' lang='lat' dir='ltr'>peditibus</span> <span class='ocrx_word' id='word_1_141' title='bbox 1398 1207 1458 1243; x_wconf 87' lang='lat' dir='ltr'>fir-</span> 
     </span>
     <span class='ocr_line' id='line_1_19' title="bbox 173 1259 1459 1308; baseline 0 -13"><span class='ocrx_word' id='word_1_142' title='bbox 173 1262 271 1296; x_wconf 69' lang='lat' dir='ltr'>mata</span> <span class='ocrx_word' id='word_1_143' title='bbox 289 1272 297 1304; x_wconf 90' lang='lat'>;</span> <span class='ocrx_word' id='word_1_144' title='bbox 327 1259 389 1304; x_wconf 87' lang='lat' dir='ltr'>ita,</span> <span class='ocrx_word' id='word_1_145' title='bbox 410 1266 450 1295; x_wconf 92' lang='lat' dir='ltr'>ut</span> <span class='ocrx_word' id='word_1_146' title='bbox 469 1259 649 1296; x_wconf 87' lang='lat' dir='ltr'>Afrorum</span> <span class='ocrx_word' id='word_1_147' title='bbox 669 1267 825 1307; x_wconf 90' lang='lat' dir='ltr'>utraque</span> <span class='ocrx_word' id='word_1_148' title='bbox 855 1272 998 1296; x_wconf 88' lang='lat' dir='ltr'>cornua</span> <span class='ocrx_word' id='word_1_149' title='bbox 1017 1266 1156 1302; x_wconf 88' lang='lat' dir='ltr'>essent,</span> <span class='ocrx_word' id='word_1_150' title='bbox 1177 1259 1459 1308; x_wconf 89' lang='lat' dir='ltr'>interponeren-</span> 
     </span>
     <span class='ocr_line' id='line_1_20' title="bbox 174 1311 1460 1360; baseline -0.002 -12"><span class='ocrx_word' id='word_1_151' title='bbox 174 1319 232 1348; x_wconf 90' lang='lat' dir='ltr'>tur</span> <span class='ocrx_word' id='word_1_152' title='bbox 253 1312 310 1348; x_wconf 86' lang='lat' dir='ltr'>his</span> <span class='ocrx_word' id='word_1_153' title='bbox 331 1312 445 1348; x_wconf 88' lang='lat' dir='ltr'>medii</span> <span class='ocrx_word' id='word_1_154' title='bbox 466 1312 565 1348; x_wconf 88' lang='lat' dir='ltr'>Galli</span> <span class='ocrx_word' id='word_1_155' title='bbox 591 1319 701 1359; x_wconf 86' lang='lat' dir='ltr'>atque</span> <span class='ocrx_word' id='word_1_156' title='bbox 722 1312 895 1360; x_wconf 89' lang='lat' dir='ltr'>Hispani.</span> <span class='ocrx_word' id='word_1_157' title='bbox 954 1311 1067 1348; x_wconf 85' lang='lat' dir='ltr'>Afros</span> <span class='ocrx_word' id='word_1_158' title='bbox 1086 1312 1303 1348; x_wconf 87' lang='lat' dir='ltr'>Romanam</span> <span class='ocrx_word' id='word_1_159' title='bbox 1323 1311 1460 1359; x_wconf 71' lang='lat' dir='ltr'>magna</span> 
     </span>
     <span class='ocr_line' id='line_1_21' title="bbox 173 1363 1504 1413; baseline 0 -13"><span class='ocrx_word' id='word_1_160' title='bbox 173 1377 220 1400; x_wconf 80' lang='lat' dir='ltr'>ex</span> <span class='ocrx_word' id='word_1_161' title='bbox 239 1371 342 1413; x_wconf 88' lang='lat' dir='ltr'>parte</span> <span class='ocrx_word' id='word_1_162' title='bbox 363 1364 538 1400; x_wconf 85' lang='lat' dir='ltr'>crederes</span> <span class='ocrx_word' id='word_1_163' title='bbox 557 1364 678 1400; x_wconf 86' lang='lat' dir='ltr'>aciem</span> <span class='ocrx_word' id='word_1_164' title='bbox 697 1376 705 1400; x_wconf 70' lang='grc' dir='ltr'><strong><em>ι</em></strong></span> <span class='ocrx_word' id='word_1_165' title='bbox 735 1364 786 1400; x_wconf 87' lang='lat' dir='ltr'>ita</span> <span class='ocrx_word' id='word_1_166' title='bbox 806 1363 938 1400; x_wconf 88' lang='lat' dir='ltr'>armati</span> <span class='ocrx_word' id='word_1_167' title='bbox 958 1371 1077 1410; x_wconf 89' lang='lat' dir='ltr'>erant,</span> <span class='ocrx_word' id='word_1_168' title='bbox 1098 1364 1212 1400; x_wconf 88' lang='lat' dir='ltr'>armis</span> <span class='ocrx_word' id='word_1_169' title='bbox 1231 1370 1268 1399; x_wconf 92' lang='lat' dir='ltr'>et</span> <span class='ocrx_word' id='word_1_170' title='bbox 1297 1363 1344 1399; x_wconf 93' lang='lat' dir='ltr'>ad</span> <span class='ocrx_word' id='word_1_171' title='bbox 1364 1363 1504 1402; x_wconf 78' lang='lat' dir='ltr'>Tre-20</span> 
     </span>
     <span class='ocr_line' id='line_1_22' title="bbox 174 1415 1457 1465; baseline 0 -13"><span class='ocrx_word' id='word_1_172' title='bbox 174 1416 287 1459; x_wconf 91' lang='lat' dir='ltr'>biam,</span> <span class='ocrx_word' id='word_1_173' title='bbox 322 1416 500 1452; x_wconf 85' lang='lat' dir='ltr'>caeterum</span> <span class='ocrx_word' id='word_1_174' title='bbox 539 1429 679 1465; x_wconf 87' lang='lat' dir='ltr'>magna</span> <span class='ocrx_word' id='word_1_175' title='bbox 716 1429 762 1452; x_wconf 90' lang='lat' dir='ltr'>ex</span> <span class='ocrx_word' id='word_1_176' title='bbox 789 1423 894 1464; x_wconf 87' lang='lat' dir='ltr'>parte</span> <span class='ocrx_word' id='word_1_177' title='bbox 924 1416 969 1452; x_wconf 93' lang='lat' dir='ltr'>ad</span> <span class='ocrx_word' id='word_1_178' title='bbox 1004 1415 1288 1462; x_wconf 87' lang='lat' dir='ltr'>Trasimenum,</span> <span class='ocrx_word' id='word_1_179' title='bbox 1326 1415 1457 1464; x_wconf 85' lang='lat' dir='ltr'>captis.</span> 
     </span>
     <span class='ocr_line' id='line_1_23' title="bbox 173 1467 1460 1525; baseline -0.001 -21"><span class='ocrx_word' id='word_1_180' title='bbox 173 1468 292 1505; x_wconf 89' lang='lat' dir='ltr'>Gallis</span> <span class='ocrx_word' id='word_1_181' title='bbox 312 1468 568 1517; x_wconf 89' lang='lat' dir='ltr'>Hispanisque</span> <span class='ocrx_word' id='word_1_182' title='bbox 589 1480 696 1504; x_wconf 80' lang='lat' dir='ltr'>scuta</span> <span class='ocrx_word' id='word_1_183' title='bbox 715 1468 886 1517; x_wconf 91' lang='lat' dir='ltr'>ejusdem</span> <span class='ocrx_word' id='word_1_184' title='bbox 918 1468 1046 1504; x_wconf 79' lang='lat' dir='ltr'>sormae</span> <span class='ocrx_word' id='word_1_185' title='bbox 1066 1467 1143 1504; x_wconf 88' lang='lat' dir='ltr'>fere</span> <span class='ocrx_word' id='word_1_186' title='bbox 1164 1475 1296 1504; x_wconf 87' lang='lat' dir='ltr'>erant·</span> <span class='ocrx_word' id='word_1_187' title='bbox 1287 1495 1297 1512; x_wconf 89' lang='lat'>‚</span> <span class='ocrx_word' id='word_1_188' title='bbox 1336 1468 1460 1525; x_wconf 82' lang='lat' dir='ltr'>dispa-</span> 
     </span>
     <span class='ocr_line' id='line_1_24' title="bbox 174 1519 1459 1569; baseline -0.001 -13"><span class='ocrx_word' id='word_1_189' title='bbox 174 1533 233 1556; x_wconf 91' lang='lat' dir='ltr'>res</span> <span class='ocrx_word' id='word_1_190' title='bbox 254 1533 298 1557; x_wconf 87' lang='lat' dir='ltr'>ac</span> <span class='ocrx_word' id='word_1_191' title='bbox 317 1521 518 1556; x_wconf 89' lang='lat' dir='ltr'>dissimiles</span> <span class='ocrx_word' id='word_1_192' title='bbox 537 1521 677 1569; x_wconf 83' lang='lat' dir='ltr'>gladii·</span> <span class='ocrx_word' id='word_1_193' title='bbox 669 1549 677 1565; x_wconf 93' lang='lat'>‚</span> <span class='ocrx_word' id='word_1_194' title='bbox 724 1521 844 1557; x_wconf 85' lang='lat' dir='ltr'>Gallis</span> <span class='ocrx_word' id='word_1_195' title='bbox 871 1520 1052 1569; x_wconf 86' lang='lat' dir='ltr'>praelongi</span> <span class='ocrx_word' id='word_1_196' title='bbox 1083 1533 1128 1556; x_wconf 91' lang='lat' dir='ltr'>ac</span> <span class='ocrx_word' id='word_1_197' title='bbox 1158 1520 1238 1555; x_wconf 88' lang='lat' dir='ltr'>sine</span> <span class='ocrx_word' id='word_1_198' title='bbox 1271 1519 1459 1556; x_wconf 88' lang='lat' dir='ltr'>mucroni-</span> 
     </span>
     <span class='ocr_line' id='line_1_25' title="bbox 174 1572 1458 1621; baseline 0 -14"><span class='ocrx_word' id='word_1_199' title='bbox 174 1572 264 1617; x_wconf 83' lang='lat' dir='ltr'>bus3</span> <span class='ocrx_word' id='word_1_200' title='bbox 309 1572 493 1621; x_wconf 86' lang='lat' dir='ltr'>Hispano,</span> <span class='ocrx_word' id='word_1_201' title='bbox 513 1573 684 1621; x_wconf 89' lang='lat' dir='ltr'>punctim</span> <span class='ocrx_word' id='word_1_202' title='bbox 711 1572 831 1621; x_wconf 81' lang='lat' dir='ltr'>magis</span> <span class='ocrx_word' id='word_1_203' title='bbox 855 1585 966 1620; x_wconf 84' lang='lat' dir='ltr'>quam</span> <span class='ocrx_word' id='word_1_204' title='bbox 997 1572 1125 1608; x_wconf 81' lang='lat' dir='ltr'>caesirn</span> <span class='ocrx_word' id='word_1_205' title='bbox 1153 1578 1303 1608; x_wconf 83' lang='lat' dir='ltr'>assueto</span> <span class='ocrx_word' id='word_1_206' title='bbox 1331 1578 1458 1620; x_wconf 90' lang='lat' dir='ltr'>petere</span> 
     </span>
     <span class='ocr_line' id='line_1_26' title="bbox 174 1623 1504 1671; baseline -0.001 -11"><span class='ocrx_word' id='word_1_207' title='bbox 174 1625 334 1671; x_wconf 82' lang='lat' dir='ltr'>hostem,</span> <span class='ocrx_word' id='word_1_208' title='bbox 354 1625 534 1661; x_wconf 87' lang='lat' dir='ltr'>brevitate</span> <span class='ocrx_word' id='word_1_209' title='bbox 555 1625 711 1667; x_wconf 89' lang='lat' dir='ltr'>habiles,</span> <span class='ocrx_word' id='word_1_210' title='bbox 743 1633 780 1660; x_wconf 94' lang='lat' dir='ltr'>et</span> <span class='ocrx_word' id='word_1_211' title='bbox 799 1637 887 1661; x_wconf 89' lang='lat' dir='ltr'>cum</span> <span class='ocrx_word' id='word_1_212' title='bbox 915 1624 1172 1660; x_wconf 87' lang='lat' dir='ltr'>mucronibus.</span> <span class='ocrx_word' id='word_1_213' title='bbox 1228 1623 1331 1659; x_wconf 88' lang='lat' dir='ltr'>Ante</span> <span class='ocrx_word' id='word_1_214' title='bbox 1351 1630 1504 1663; x_wconf 59' lang='lat' dir='ltr'>caete-25</span> 
     </span>
     <span class='ocr_line' id='line_1_27' title="bbox 174 1676 1458 1726; baseline -0.002 -13"><span class='ocrx_word' id='word_1_215' title='bbox 174 1689 244 1721; x_wconf 86' lang='lat' dir='ltr'>rOS,</span> <span class='ocrx_word' id='word_1_216' title='bbox 284 1677 434 1713; x_wconf 90' lang='lat' dir='ltr'>habitus</span> <span class='ocrx_word' id='word_1_217' title='bbox 462 1677 632 1726; x_wconf 85' lang='lat' dir='ltr'>gentium</span> <span class='ocrx_word' id='word_1_218' title='bbox 663 1677 809 1723; x_wconf 86' lang='lat' dir='ltr'>harum,</span> <span class='ocrx_word' id='word_1_219' title='bbox 846 1684 925 1713; x_wconf 89' lang='lat' dir='ltr'>tum</span> <span class='ocrx_word' id='word_1_220' title='bbox 955 1676 1216 1725; x_wconf 84' lang='lat' dir='ltr'>magnitudine</span> <span class='ocrx_word' id='word_1_221' title='bbox 1246 1687 1458 1724; x_wconf 89' lang='lat' dir='ltr'>corporum,</span> 
     </span>
     <span class='ocr_line' id='line_1_28' title="bbox 174 1727 1507 1778; baseline -0.002 -13"><span class='ocrx_word' id='word_1_222' title='bbox 174 1736 253 1764; x_wconf 91' lang='lat' dir='ltr'>tum</span> <span class='ocrx_word' id='word_1_223' title='bbox 284 1729 424 1778; x_wconf 86' lang='lat' dir='ltr'>specie,</span> <span class='ocrx_word' id='word_1_224' title='bbox 445 1728 621 1765; x_wconf 90' lang='lat' dir='ltr'>terribilis</span> <span class='ocrx_word' id='word_1_225' title='bbox 650 1736 740 1765; x_wconf 89' lang='lat' dir='ltr'>erat.</span> <span class='ocrx_word' id='word_1_226' title='bbox 823 1728 923 1765; x_wconf 87' lang='lat' dir='ltr'>Galli</span> <span class='ocrx_word' id='word_1_227' title='bbox 959 1741 1070 1777; x_wconf 90' lang='lat' dir='ltr'>super</span> <span class='ocrx_word' id='word_1_228' title='bbox 1099 1727 1321 1764; x_wconf 87' lang='lat' dir='ltr'>umbilicum</span> <span class='ocrx_word' id='word_1_229' title='bbox 1351 1734 1459 1764; x_wconf 89' lang='lat' dir='ltr'>erant</span> <span class='ocrx_word' id='word_1_230' title='bbox 1499 1770 1507 1775; x_wconf 22' lang='grc' dir='ltr'>χ</span> 
     </span>
     <span class='ocr_line' id='line_1_29' title="bbox 174 1779 1458 1829; baseline 0 -13"><span class='ocrx_word' id='word_1_231' title='bbox 174 1781 290 1817; x_wconf 91' lang='lat' dir='ltr'>nudi:</span> <span class='ocrx_word' id='word_1_232' title='bbox 340 1780 502 1829; x_wconf 87' lang='lat' dir='ltr'>Hispani</span> <span class='ocrx_word' id='word_1_233' title='bbox 534 1781 660 1817; x_wconf 83' lang='lat' dir='ltr'>linteis</span> <span class='ocrx_word' id='word_1_234' title='bbox 690 1781 882 1829; x_wconf 83' lang='lat' dir='ltr'>praetextis</span> <span class='ocrx_word' id='word_1_235' title='bbox 917 1780 1082 1829; x_wconf 68' lang='lat' dir='ltr'>purpura</span> <span class='ocrx_word' id='word_1_236' title='bbox 1111 1779 1264 1823; x_wconf 86' lang='lat' dir='ltr'>tunicis,</span> <span class='ocrx_word' id='word_1_237' title='bbox 1294 1779 1458 1816; x_wconf 90' lang='lat' dir='ltr'>candore</span> 
     </span>
     <span class='ocr_line' id='line_1_30' title="bbox 174 1832 1458 1882; baseline -0.002 -13"><span class='ocrx_word' id='word_1_238' title='bbox 174 1833 268 1869; x_wconf 90' lang='lat' dir='ltr'>miro</span> <span class='ocrx_word' id='word_1_239' title='bbox 289 1833 533 1882; x_wconf 83' lang='lat' dir='ltr'>fulgentibus,</span> <span class='ocrx_word' id='word_1_240' title='bbox 554 1833 813 1870; x_wconf 88' lang='lat' dir='ltr'>constiterant.</span> <span class='ocrx_word' id='word_1_241' title='bbox 869 1832 1064 1869; x_wconf 92' lang='lat' dir='ltr'>Numerus</span> <span class='ocrx_word' id='word_1_242' title='bbox 1089 1833 1255 1869; x_wconf 90' lang='lat' dir='ltr'>omnium</span> <span class='ocrx_word' id='word_1_243' title='bbox 1276 1832 1458 1880; x_wconf 88' lang='lat' dir='ltr'>peditum,</span> 
     </span>
     <span class='ocr_line' id='line_1_31' title="bbox 174 1883 1504 1932; baseline 0.002 -12"><span class='ocrx_word' id='word_1_244' title='bbox 174 1885 237 1932; x_wconf 89' lang='lat' dir='ltr'>qui</span> <span class='ocrx_word' id='word_1_245' title='bbox 257 1892 336 1920; x_wconf 91' lang='lat' dir='ltr'>tum</span> <span class='ocrx_word' id='word_1_246' title='bbox 357 1892 540 1921; x_wconf 89' lang='lat' dir='ltr'>steterunt</span> <span class='ocrx_word' id='word_1_247' title='bbox 561 1885 599 1921; x_wconf 92' lang='lat' dir='ltr'>in</span> <span class='ocrx_word' id='word_1_248' title='bbox 620 1885 716 1927; x_wconf 89' lang='lat' dir='ltr'>acie,</span> <span class='ocrx_word' id='word_1_249' title='bbox 748 1885 907 1921; x_wconf 91' lang='lat' dir='ltr'>millium</span> <span class='ocrx_word' id='word_1_250' title='bbox 941 1884 1010 1920; x_wconf 89' lang='lat' dir='ltr'>fuit</span> <span class='ocrx_word' id='word_1_251' title='bbox 1042 1884 1302 1932; x_wconf 85' lang='lat' dir='ltr'>quadraginta,</span> <span class='ocrx_word' id='word_1_252' title='bbox 1324 1883 1456 1919; x_wconf 88' lang='lat' dir='ltr'>decem</span> <span class='ocrx_word' id='word_1_253' title='bbox 1471 1897 1504 1923; x_wconf 82' lang='grc' dir='ltr'>3ο</span> 
     </span>
     <span class='ocr_line' id='line_1_32' title="bbox 174 1935 1456 1984; baseline -0.001 -12"><span class='ocrx_word' id='word_1_254' title='bbox 174 1936 355 1984; x_wconf 89' lang='lat' dir='ltr'>equitum.</span> <span class='ocrx_word' id='word_1_255' title='bbox 429 1936 560 1972; x_wconf 88' lang='lat' dir='ltr'>Duces</span> <span class='ocrx_word' id='word_1_256' title='bbox 596 1937 775 1972; x_wconf 91' lang='lat' dir='ltr'>cornibus</span> <span class='ocrx_word' id='word_1_257' title='bbox 810 1943 1008 1984; x_wconf 66' lang='lat' dir='ltr'>praeerant,</span> <span class='ocrx_word' id='word_1_258' title='bbox 1047 1936 1198 1972; x_wconf 88' lang='lat' dir='ltr'>sinistro</span> <span class='ocrx_word' id='word_1_259' title='bbox 1226 1935 1456 1979; x_wconf 88' lang='lat' dir='ltr'>Hasdrubal,</span> 
     </span>
     <span class='ocr_line' id='line_1_33' title="bbox 175 1986 1458 2036; baseline -0.001 -12"><span class='ocrx_word' id='word_1_260' title='bbox 175 1989 305 2025; x_wconf 84' lang='lat' dir='ltr'>dextro</span> <span class='ocrx_word' id='word_1_261' title='bbox 327 1988 546 2024; x_wconf 86' lang='lat' dir='ltr'>Maharbal:</span> <span class='ocrx_word' id='word_1_262' title='bbox 576 1988 739 2024; x_wconf 88' lang='lat' dir='ltr'>mediam</span> <span class='ocrx_word' id='word_1_263' title='bbox 760 1988 879 2024; x_wconf 89' lang='lat' dir='ltr'>aciem</span> <span class='ocrx_word' id='word_1_264' title='bbox 915 1987 1108 2023; x_wconf 87' lang='lat' dir='ltr'>Hannibal</span> <span class='ocrx_word' id='word_1_265' title='bbox 1140 1987 1218 2036; x_wconf 91' lang='lat' dir='ltr'>ipse</span> <span class='ocrx_word' id='word_1_266' title='bbox 1238 2000 1325 2024; x_wconf 92' lang='lat' dir='ltr'>cum</span> <span class='ocrx_word' id='word_1_267' title='bbox 1347 1986 1458 2023; x_wconf 80' lang='lat' dir='ltr'>fratre</span> 
     </span>
     <span class='ocr_line' id='line_1_34' title="bbox 176 2038 1457 2090; baseline -0.002 -13"><span class='ocrx_word' id='word_1_268' title='bbox 176 2040 342 2090; x_wconf 85' lang='lat' dir='ltr'>Magone</span> <span class='ocrx_word' id='word_1_269' title='bbox 362 2040 493 2077; x_wconf 89' lang='lat' dir='ltr'>tenuit.</span> <span class='ocrx_word' id='word_1_270' title='bbox 552 2039 627 2085; x_wconf 86' lang='lat' dir='ltr'>Sol,</span> <span class='ocrx_word' id='word_1_271' title='bbox 649 2052 714 2076; x_wconf 91' lang='lat' dir='ltr'>seu</span> <span class='ocrx_word' id='word_1_272' title='bbox 735 2040 783 2076; x_wconf 92' lang='lat' dir='ltr'>de</span> <span class='ocrx_word' id='word_1_273' title='bbox 802 2039 985 2075; x_wconf 74' lang='lat' dir='ltr'>industria</span> <span class='ocrx_word' id='word_1_274' title='bbox 1019 2039 1069 2075; x_wconf 86' lang='lat' dir='ltr'>ita</span> <span class='ocrx_word' id='word_1_275' title='bbox 1101 2039 1244 2082; x_wconf 90' lang='lat' dir='ltr'>locatis,</span> <span class='ocrx_word' id='word_1_276' title='bbox 1266 2052 1332 2076; x_wconf 91' lang='lat' dir='ltr'>seu</span> <span class='ocrx_word' id='word_1_277' title='bbox 1359 2038 1457 2087; x_wconf 60' lang='lat' dir='ltr'>quod</span> 
     </span>
     <span class='ocr_line' id='line_1_35' title="bbox 177 2091 1456 2140; baseline -0.002 -11"><span class='ocrx_word' id='word_1_278' title='bbox 177 2092 268 2129; x_wconf 85' lang='lat' dir='ltr'>forte</span> <span class='ocrx_word' id='word_1_279' title='bbox 300 2093 352 2129; x_wconf 90' lang='lat' dir='ltr'>ita</span> <span class='ocrx_word' id='word_1_280' title='bbox 383 2098 536 2135; x_wconf 83' lang='lat' dir='ltr'>starent,</span> <span class='ocrx_word' id='word_1_281' title='bbox 570 2094 842 2140; x_wconf 83' lang='lat' dir='ltr'>peropportune</span> <span class='ocrx_word' id='word_1_282' title='bbox 872 2091 1018 2139; x_wconf 88' lang='lat' dir='ltr'>utrique</span> <span class='ocrx_word' id='word_1_283' title='bbox 1050 2091 1145 2140; x_wconf 83' lang='lat' dir='ltr'>parti</span> <span class='ocrx_word' id='word_1_284' title='bbox 1164 2091 1338 2140; x_wconf 89' lang='lat' dir='ltr'>obliquus</span> <span class='ocrx_word' id='word_1_285' title='bbox 1366 2098 1456 2136; x_wconf 86' lang='lat' dir='ltr'>erat,</span> 
     </span>
     <span class='ocr_line' id='line_1_36' title="bbox 176 2143 1504 2192; baseline 0.001 -11"><span class='ocrx_word' id='word_1_286' title='bbox 176 2145 363 2181; x_wconf 87' lang='lat' dir='ltr'>Romanis</span> <span class='ocrx_word' id='word_1_287' title='bbox 401 2145 440 2181; x_wconf 89' lang='lat' dir='ltr'>in</span> <span class='ocrx_word' id='word_1_288' title='bbox 485 2144 693 2189; x_wconf 88' lang='lat' dir='ltr'>meridiem,</span> <span class='ocrx_word' id='word_1_289' title='bbox 734 2143 862 2180; x_wconf 87' lang='lat' dir='ltr'>Poenis</span> <span class='ocrx_word' id='word_1_290' title='bbox 901 2143 937 2179; x_wconf 93' lang='lat' dir='ltr'>in</span> <span class='ocrx_word' id='word_1_291' title='bbox 981 2143 1287 2192; x_wconf 89' lang='lat' dir='ltr'>septemtrionem</span> <span class='ocrx_word' id='word_1_292' title='bbox 1330 2143 1504 2182; x_wconf 71' lang='lat' dir='ltr'>versis35</span> 
     </span>
     <span class='ocr_line' id='line_1_37' title="bbox 180 2195 1460 2245; baseline -0.001 -12"><span class='ocrx_word' id='word_1_293' title='bbox 180 2197 323 2233; x_wconf 87' lang='lat' dir='ltr'>Ventus</span> <span class='ocrx_word' id='word_1_294' title='bbox 345 2196 592 2245; x_wconf 86' lang='lat' dir='ltr'>(Vulturnum</span> <span class='ocrx_word' id='word_1_295' title='bbox 620 2195 753 2232; x_wconf 84' lang='lat' dir='ltr'>incolae</span> <span class='ocrx_word' id='word_1_296' title='bbox 782 2195 947 2244; x_wconf 86' lang='lat' dir='ltr'>regionis</span> <span class='ocrx_word' id='word_1_297' title='bbox 974 2197 1143 2245; x_wconf 89' lang='lat' dir='ltr'>vocant),</span> <span class='ocrx_word' id='word_1_298' title='bbox 1173 2196 1352 2232; x_wconf 91' lang='lat' dir='ltr'>adversus</span> <span class='ocrx_word' id='word_1_299' title='bbox 1381 2195 1460 2232; x_wconf 82' lang='lat' dir='ltr'>Ro-</span> 
     </span>
     <span class='ocr_line' id='line_1_38' title="bbox 177 2247 1460 2297; baseline -0.001 -12"><span class='ocrx_word' id='word_1_300' title='bbox 177 2249 299 2285; x_wconf 84' lang='lat' dir='ltr'>manis</span> <span class='ocrx_word' id='word_1_301' title='bbox 319 2256 479 2294; x_wconf 85' lang='lat' dir='ltr'>coortus,</span> <span class='ocrx_word' id='word_1_302' title='bbox 500 2248 618 2285; x_wconf 91' lang='lat' dir='ltr'>multo</span> <span class='ocrx_word' id='word_1_303' title='bbox 636 2247 787 2297; x_wconf 89' lang='lat' dir='ltr'>pulvere</span> <span class='ocrx_word' id='word_1_304' title='bbox 807 2247 844 2284; x_wconf 88' lang='lat' dir='ltr'>in</span> <span class='ocrx_word' id='word_1_305' title='bbox 875 2247 954 2296; x_wconf 88' lang='lat' dir='ltr'>ipsa</span> <span class='ocrx_word' id='word_1_306' title='bbox 985 2260 1050 2284; x_wconf 88' lang='lat' dir='ltr'>ora</span> <span class='ocrx_word' id='word_1_307' title='bbox 1070 2248 1263 2291; x_wconf 84' lang='lat' dir='ltr'>volvendo,</span> <span class='ocrx_word' id='word_1_308' title='bbox 1284 2259 1460 2297; x_wconf 88' lang='lat' dir='ltr'>prospec-</span> 
     </span>
     <span class='ocr_line' id='line_1_39' title="bbox 178 2301 427 2337; baseline 0 0"><span class='ocrx_word' id='word_1_309' title='bbox 178 2308 256 2337; x_wconf 92' lang='lat' dir='ltr'>tum</span> <span class='ocrx_word' id='word_1_310' title='bbox 276 2301 427 2337; x_wconf 86' lang='lat' dir='ltr'>ademit.</span> 
     </span>
    </p>
   </div>
   <div class='ocr_carea' id='block_1_4' title="bbox 180 2404 1503 2558">
    <p class='ocr_par' dir='ltr' id='par_1_4' title="bbox 180 2404 1503 2558">
     <span class='ocr_line' id='line_1_40' title="bbox 232 2404 1459 2453; baseline -0.002 -11"><span class='ocrx_word' id='word_1_311' title='bbox 232 2404 397 2442; x_wconf 87' lang='lat' dir='ltr'>XLVII.</span> <span class='ocrx_word' id='word_1_312' title='bbox 445 2404 620 2442; x_wconf 89' lang='lat' dir='ltr'>Clamore</span> <span class='ocrx_word' id='word_1_313' title='bbox 639 2404 798 2452; x_wconf 87' lang='lat' dir='ltr'>sublato,</span> <span class='ocrx_word' id='word_1_314' title='bbox 819 2417 1039 2453; x_wconf 91' lang='lat' dir='ltr'>procursum</span> <span class='ocrx_word' id='word_1_315' title='bbox 1060 2405 1109 2442; x_wconf 92' lang='lat' dir='ltr'>ab</span> <span class='ocrx_word' id='word_1_316' title='bbox 1130 2404 1291 2451; x_wconf 86' lang='lat' dir='ltr'>auxiliis,</span> <span class='ocrx_word' id='word_1_317' title='bbox 1311 2412 1348 2442; x_wconf 85' lang='lat' dir='ltr'>et</span> <span class='ocrx_word' id='word_1_318' title='bbox 1367 2416 1459 2453; x_wconf 88' lang='lat' dir='ltr'>pug-</span> 
     </span>
     <span class='ocr_line' id='line_1_41' title="bbox 180 2456 1503 2506; baseline -0.002 -11"><span class='ocrx_word' id='word_1_319' title='bbox 180 2470 228 2495; x_wconf 91' lang='lat' dir='ltr'>na</span> <span class='ocrx_word' id='word_1_320' title='bbox 246 2457 390 2494; x_wconf 90' lang='lat' dir='ltr'>levibus</span> <span class='ocrx_word' id='word_1_321' title='bbox 410 2457 575 2506; x_wconf 73' lang='lat' dir='ltr'>primum</span> <span class='ocrx_word' id='word_1_322' title='bbox 596 2457 708 2493; x_wconf 90' lang='lat' dir='ltr'>armis</span> <span class='ocrx_word' id='word_1_323' title='bbox 727 2457 949 2505; x_wconf 82' lang='lat' dir='ltr'>commissa:</span> <span class='ocrx_word' id='word_1_324' title='bbox 979 2457 1118 2494; x_wconf 88' lang='lat' dir='ltr'>deinde</span> <span class='ocrx_word' id='word_1_325' title='bbox 1138 2457 1305 2506; x_wconf 87' lang='lat' dir='ltr'>equitum</span> <span class='ocrx_word' id='word_1_326' title='bbox 1331 2456 1457 2493; x_wconf 86' lang='lat' dir='ltr'>Gallo·</span> <span class='ocrx_word' id='word_1_327' title='bbox 1470 2470 1503 2496; x_wconf 81' lang='lat'>40</span> 
     </span>
     <span class='ocr_line' id='line_1_42' title="bbox 180 2508 1458 2558; baseline -0.002 -11"><span class='ocrx_word' id='word_1_328' title='bbox 180 2523 261 2548; x_wconf 85' lang='lat' dir='ltr'>rum</span> <span class='ocrx_word' id='word_1_329' title='bbox 293 2509 620 2558; x_wconf 83' lang='lat' dir='ltr'>Hispanorumque</span> <span class='ocrx_word' id='word_1_330' title='bbox 662 2508 795 2545; x_wconf 82' lang='lat' dir='ltr'>laevum</span> <span class='ocrx_word' id='word_1_331' title='bbox 836 2521 954 2546; x_wconf 84' lang='lat' dir='ltr'>cornu</span> <span class='ocrx_word' id='word_1_332' title='bbox 996 2522 1082 2546; x_wconf 89' lang='lat' dir='ltr'>cum</span> <span class='ocrx_word' id='word_1_333' title='bbox 1122 2510 1251 2545; x_wconf 72' lang='lat' dir='ltr'>dextro</span> <span class='ocrx_word' id='word_1_334' title='bbox 1280 2508 1458 2545; x_wconf 87' lang='lat' dir='ltr'>Romano</span> 
     </span>
    </p>
   </div>
  </div>
 </body>
</html>
