1617 2765
124 222 201 261 234
648 223 737 254 TITI
762 223 872 254 LIVII

127 324 229 353 verat
248 323 285 353 et
303 325 432 366 pactas
452 316 636 359 inducias,
658 325 694 354 et
714 330 816 365 spem
838 317 1046 361 foederum3
1089 324 1228 359 tamen,
1251 316 1280 353 si
1310 317 1403 354 inte-

126 381 204 417 ger,
233 369 344 417 quam
365 370 395 406 si
416 370 548 411 victus,
578 377 721 417 peteret
740 382 883 417 pacem,
905 369 1066 417 aequiora
1087 369 1274 417 impetrari
1295 382 1403 418 posse

126 428 237 466 ratus,
259 421 434 457 nuntium
468 421 515 457 ad
551 421 767 469 Scipionem
788 421 901 467 misit,
934 429 975 457 ut
1007 421 1243 469 colloquendi
1274 434 1403 458 secum

125 480 344 521 potestatem
366 474 516 510 faceret.
574 472 618 508 Id
639 472 760 509 utrum
783 474 850 509 sua
881 481 1012 521 sponte
1046 473 1188 516 fecerit,
1219 486 1266 509 an
1287 474 1405 522 publi-

125 537 171 561 co
189 526 359 572 consilio,
380 532 553 562 neutrum
584 537 651 560 cur
680 525 875 568 affirmem,
898 525 1028 562 habeo.
1085 525 1260 561 Valerius
1295 525 1405 562 Anti·
1434 535 1449 558 5

125 589 177 623 as,
215 578 334 626 primo
370 577 500 625 proelio
537 576 675 612 victum
714 589 800 613 eum
831 589 852 612 a
881 577 1073 625 Scipione,
1102 590 1175 625 quo
1203 577 1405 614 duodecim

125 629 240 665 millia
277 637 502 665 armatorum
540 628 578 664 in
608 628 690 664 acie
719 636 806 665 sunt
833 642 944 671 censa,
978 629 1079 665 mille
1108 636 1145 665 et
1173 629 1402 678 septingenti

125 682 235 729 capti,
268 682 436 730 legatum
456 693 543 716 cum
573 680 655 716 aliis
688 681 821 716 decem
851 680 983 729 legatis
1016 681 1127 717 tradit
1146 682 1183 718 in
1205 690 1328 717 castra
1357 682 1403 718 ad

125 733 341 781 Scipionem
381 732 540 769 venisse.
624 732 818 768 Caeterfim
859 732 988 780 Scipio
1025 745 1140 780 quum
1179 733 1403 781 colloquium

124 785 222 820 haud
253 785 454 829 abnuisset,
493 784 603 820 ambo
638 797 684 820 ex
713 784 918 832 composito
948 784 1065 820 duces
1095 792 1218 820 castra
1246 785 1406 833 protule-
1421 794 1450 818 10

123 843 220 881 runt,
251 844 291 872 ut
320 836 420 873 coire
449 849 496 872 ex
525 836 733 884 propinquo
761 843 924 884 possent.
995 836 1124 884 Scipio
1144 837 1244 872 haud
1273 837 1403 885 procul

122 887 345 937 Naraggara
366 889 469 933 urbe,
499 895 578 924 tum
598 888 645 923 ad
673 896 810 924 caetera
829 888 911 924 loco
940 896 1161 936 opportuno,
1196 896 1273 925 tum
1304 888 1401 937 quud

122 940 270 987 aquatio
291 940 388 976 intra
416 941 480 977 teli
514 939 730 988 conjectum
758 947 850 986 erat,
880 940 1063 976 consedit.
1122 941 1315 977 Hannibal
1350 949 1406 977 tu-

121 992 264 1028 mulum
286 1005 307 1028 a
325 1000 481 1040 quatuor
500 992 664 1028 millibus
694 992 796 1039 inde,
829 1000 950 1028 tutum
981 993 1295 1040 commodumque
1316 993 1404 1030 alio-

121 1044 223 1091 quin,
245 1044 316 1080 nisi
337 1045 434 1092 quod
454 1044 669 1092 longinquae
690 1044 898 1092 aquationis
917 1051 1007 1089 erat,
1029 1044 1140 1092 cepit.
1189 1044 1247 1081 Ibi
1268 1045 1304 1081 in
1327 1058 1403 1081 rne-
1419 1055 1448 1079 15

121 1095 184 1131 dio
203 1090 309 1132 locus
329 1104 556 1145 conspectus
577 1096 753 1144 undique,
776 1108 823 1132 ne
856 1096 943 1144 quid
965 1096 1185 1132 insidiarum
1207 1104 1318 1140 esset,
1339 1097 1402 1133 de-

120 1147 252 1184 lectus.

173 1252 305 1289 XXX.
354 1253 547 1290 Submotis
583 1254 661 1302 pari
699 1254 818 1302 spatio
847 1253 1012 1297 armatis,
1046 1266 1131 1290 cum
1162 1253 1320 1303 singulis
1349 1254 1403 1290 in-

119 1306 344 1353 terpretibus
377 1306 569 1354 congressi
600 1312 698 1350 sunt,
734 1318 809 1342 non
842 1318 919 1342 suae
957 1305 1067 1342 modo
1102 1306 1220 1342 aetatis
1249 1306 1401 1342 maximi

121 1357 250 1403 duceS,
271 1358 337 1394 sed
356 1359 479 1394 omnis
498 1365 584 1394 ante
604 1370 643 1394 se
680 1358 879 1401 memoriae,
910 1358 1078 1394 omnium
1108 1358 1276 1407 gentium
1297 1358 1448 1395 ouili-m

121 1409 184 1445 bet
212 1422 344 1459 regum
376 1411 686 1458 imperatorumve
717 1423 836 1458 pares.
894 1410 1099 1459 Paulisper,
1129 1410 1221 1446 alter
1250 1410 1403 1446 alterius

120 1471 340 1510 conspectu,
378 1462 624 1499 admiratione
661 1463 791 1498 mutua
825 1461 937 1511 prope
981 1462 1140 1508 attoniti,
1171 1462 1401 1499 conticuere.

120 1513 222 1549 Tum
246 1514 437 1550 Hannibal
458 1515 569 1563 prior,
601 1521 625 1536 ‘⁴
644 1515 684 1550 Si
705 1515 777 1550 hoc
811 1514 860 1550 ita
885 1514 959 1551 fato
978 1515 1106 1550 datum
1135 1522 1227 1559 erat,
1256 1522 1308 1560 ut,
1338 1514 1402 1562 qui

122 1571 145 1587 “
159 1566 301 1613 primus
321 1566 459 1602 bellum
490 1566 599 1602 intuli
629 1566 764 1615 populo
784 1566 974 1612 Romano,
995 1567 1134 1614 quique
1154 1567 1264 1602 toties
1284 1567 1400 1614 prope

121 1617 195 1653 “in
226 1618 400 1654 manibus
435 1618 627 1654 victoriam
667 1618 795 1664 habui,
825 1618 856 1654 is
884 1618 979 1655 ultro
1018 1619 1064 1654 ad
1102 1630 1235 1666 pacem
1275 1626 1447 1666 sieten-25

121 1669 244 1706 “dam
267 1670 457 1715 venirem;
498 1671 599 1706 laetor
628 1678 664 1707 te
695 1670 786 1706 mihi
817 1678 913 1707 sorte
946 1670 1178 1718 potissimum
1209 1670 1350 1713 datum,
1381 1683 1403 1707 a

119 1727 229 1769 “quo
248 1729 426 1770 peterem.
483 1722 574 1758 Tibi
593 1735 740 1770 quoque
762 1722 858 1758 inter
879 1723 996 1758 multa
1016 1722 1169 1771 egregia
1193 1735 1268 1759 non
1290 1722 1326 1758 in
1349 1723 1402 1759 ul-

119 1774 258 1810 “timis
277 1774 431 1810 laudum
452 1775 524 1811 hoc
544 1774 667 1816 suerit,
692 1774 960 1817 Hannibalem,
992 1776 1054 1811 cui
1074 1782 1127 1811 tot
1147 1774 1194 1810 de
1215 1775 1402 1811 Romanis

119 1831 142 1847 ‘⁴
156 1826 318 1862 ducibus
339 1827 530 1863 victoriam
551 1826 614 1862 Dii
635 1826 840 1869 dedissent,
867 1827 934 1863 tibi
955 1827 1135 1871 cessisse;
1179 1834 1290 1874 teque
1311 1827 1400 1863 huic

119 1877 267 1920 “bello,
298 1879 428 1914 vestris
457 1877 559 1926 prius
592 1878 703 1926 quam
734 1879 870 1915 nostris
899 1879 1071 1914 cladibus
1096 1879 1250 1926 insigni,
1281 1877 1394 1914 finem
1413 1889 1445 1914 3ο

119 1928 389 1977 “imposuisse.
448 1930 534 1966 Hoc
552 1942 698 1977 quoque
718 1930 920 1966 ludibrium
948 1930 1058 1966 casus
1087 1930 1247 1966 ediderit
1267 1929 1400 1966 Fortu-

119 1986 215 2026 “na,
237 1988 288 2026 ut,
308 1993 422 2029 quum
442 1988 546 2029 patre
567 1989 630 2017 tuo
650 1981 806 2017 consule
837 1982 1000 2029 ceperim
1022 1994 1137 2025 arma,
1158 1994 1244 2017 cum
1265 1982 1399 2018 eodem

118 2032 315 2081 “primum
336 2033 512 2069 Romano
532 2033 753 2081 imperatore
787 2033 895 2081 signa
925 2033 1147 2070 contulerim
1166 2046 1173 2078 3
1213 2033 1259 2069 ad
1282 2033 1399 2070 filium

118 2090 141 2108 “
155 2085 236 2133 ejus
257 2085 410 2121 inermis
430 2085 476 2121 ad
497 2097 628 2134 pacem
655 2085 857 2133 petendam
889 2085 1046 2121 veniam.
1103 2085 1300 2134 Optimum
1320 2086 1399 2133 qui-

118 2137 241 2172 “dem
263 2137 393 2182 fuerat,
427 2149 510 2173 eam
539 2137 706 2185 patribus
735 2137 870 2173 nostris
890 2145 1055 2174 mentem
1084 2138 1208 2174 datam
1239 2137 1285 2173 ab
1314 2137 1443 2174 Diisa5

118 2193 142 2212 ⁴‘
155 2201 251 2231 esse,
282 2196 322 2225 ut
350 2196 388 2225 et
406 2201 469 2225 vos
490 2189 621 2232 haliae,
653 2196 690 2225 et
719 2201 787 2225 nos
807 2188 947 2225 Africae
969 2190 1125 2238 imperio
1143 2190 1312 2227 contenti
1341 2202 1398 2226 es-

119 2245 308 2276 “semusz
337 2253 458 2288 neque
479 2241 578 2277 enim
599 2253 646 2277 ne
676 2241 780 2277 vobis
808 2241 957 2288 quidem
989 2242 1120 2278 Sicilia
1147 2254 1192 2279 ac
1222 2242 1398 2278 Sardinia

118 2293 246 2328 “satis
273 2293 389 2341 digna
417 2293 535 2340 pretia
563 2300 650 2329 sunt
678 2306 744 2342 pro
772 2300 824 2329 tot
852 2293 1046 2337 classibus,
1077 2301 1130 2330 tot
1149 2293 1396 2336 exercitibus,

119 2349 208 2381 “tot
236 2351 310 2380 tam
340 2345 503 2393 egregiis
532 2345 678 2381 amissis
710 2345 880 2381 ducibus.
956 2347 1031 2382 Sed
1061 2347 1249 2394 praeterita
1278 2346 1397 2394 magis

119 2401 143 2419 “
156 2396 379 2445 reprehendi
399 2404 563 2445 possunt,
584 2397 694 2444 quam
715 2397 862 2446 corrigi.
919 2397 978 2434 Ita
997 2398 1118 2434 aliena
1135 2397 1396 2447 appetivimus,
1408 2408 1440 2433 4ο

119 2453 198 2485 “ut
217 2449 263 2484 de
292 2449 426 2485 nostris
447 2449 725 2495 dimicaremus,
746 2461 818 2485 nec
839 2449 876 2485 in
898 2449 1005 2486 Italia
1038 2449 1156 2487 solum
1187 2450 1290 2487 vobis
1319 2449 1396 2485 bel-

118 2500 246 2539 ⁴‘lum.
276 2500 384 2538 nobis
413 2501 450 2537 in
481 2501 612 2538 Africa
632 2508 751 2545 esset3
799 2501 864 2538 sed
900 2510 937 2538 et
965 2515 1028 2539 vos
1057 2503 1095 2539 in
1124 2501 1237 2551 portis
1265 2501 1396 2538 vestris
