1617 2765
569 144 706 175 LIBER
729 143 838 174 XXX.
884 153 963 174 CAP.
982 154 1092 175 xxxw.
1389 145 1466 182 239

192 238 230 289 pi
249 240 382 276 uberes
402 238 532 281 halim,
553 237 725 274 deductis
754 250 801 274 ex
829 237 1040 285 asperrimis
1062 237 1262 282 montibus,
1294 237 1329 273 in
1361 250 1464 286 spem

193 292 355 329 victoriae
374 297 631 328 ostentantur:
688 289 841 325 Mauros
861 289 1122 336 Numidasque
1158 287 1368 326 Masinissae
1400 290 1467 326 im-

192 343 333 391 potenti
366 343 488 379 futuro
521 341 712 378 dominatu
743 347 866 377 terret.
923 341 1020 377 Aliis
1054 340 1135 376 aliae
1164 352 1248 388 spes
1282 352 1325 375 ac
1347 349 1467 378 metus

189 395 388 444 jactantur.
455 393 831 441 Carthaginiensibus
858 393 1001 429 moenia
1020 392 1160 441 patriae,
1198 391 1262 427 Dii
1293 391 1465 436 Penates,

163 446 366 494 5sepulcra
386 445 692 494 majorum,liberi
723 457 809 481 cum
842 444 1072 493 parentibus,
1102 443 1283 492 conjuges
1311 444 1466 491 pavidae,

192 504 256 534 aut
276 497 486 534 exscidium
507 496 786 544 servitiumque,
819 503 882 533 aut
915 496 1112 545 imperium
1145 495 1245 532 orbis
1271 502 1466 539 terrarum,

191 549 284 586 nihil
306 556 369 586 aut
389 550 426 586 in
447 555 588 585 metum
607 555 670 584 aut
691 548 728 584 in
748 561 851 597 spem
873 549 1037 584 medium
1058 554 1276 584 ostentatur.
1332 546 1466 586 Quum

191 602 351 637 maxime
374 601 454 637 haec
474 601 673 649 imperator
693 601 790 649 apud
812 600 1157 649 Carthaginienses,
1180 599 1297 636 duces
1317 612 1467 635 suarum

189 653 359 701 gentium
377 652 472 689 inter
492 652 701 701 populares,
716 652 882 700 plerique
896 665 960 701 per
976 653 1197 701 interpretes
1209 651 1306 688 inter
1323 651 1469 687 immix-

147 711 245 741 lotos
264 704 500 753 alienigenis,
520 711 688 753 agerent,
705 704 804 740 tubae
823 717 1038 753 cornuaque
1059 705 1105 740 ab
1118 703 1303 740 Romanis
1319 703 1470 739 cecine-

189 763 276 793 runt
294 769 301 793 :
331 763 530 805 tantusque
550 757 692 793 clamor
710 763 825 799 ortus,
861 763 900 793 ut
919 756 1108 805 elephanti
1137 756 1175 792 in
1196 768 1296 798 suos,
1317 755 1468 792 sinistro

189 808 352 844 maxime}
369 821 497 854 cornu,
515 816 759 852 verterentur,
774 807 932 845 Mauros
948 821 992 845 ac
1009 808 1208 844 Numidas.
1246 807 1406 843 Addidit
1419 807 1470 843 sa-

189 860 263 896 cili}
284 860 486 896 Masinissa
505 860 685 909 perculsis
717 866 909 904 terrorem,
943 860 1172 908 nudavitque
1205 859 1252 895 ab
1284 860 1330 896 ea
1362 867 1465 907 parte

191 912 310 948 aciem
331 912 492 960 equestri
510 912 658 948 auxilio.
688 912 825 948 Paucae
839 920 965 949 tamen
986 912 1203 958 bestiarum,
1218 911 1413 959 intrepidae
1430 912 1468 947 in

147 975 177 999 15
191 963 332 999 hostem
348 970 454 1006 actm,
469 964 564 999 inter
577 963 729 1000 velitum
745 964 896 1000 ordines
913 976 999 999 cum
1017 964 1143 1000 multis
1159 963 1236 999 suis
1252 963 1469 999 vulneribus

189 1014 382 1063 ingentem
399 1022 559 1063 stragem
580 1015 768 1051 edebant:
811 1015 1022 1051 resilientes
1051 1015 1153 1051 enim
1187 1014 1232 1050 ad
1259 1014 1469 1062 manipulos

189 1067 331 1110 velites,
352 1079 466 1115 quum
488 1066 584 1102 viam
600 1066 822 1115 elephantis,
840 1079 887 1103 ne
907 1067 1179 1113 obtererentur,
1196 1066 1398 1111 fecissent3
1429 1067 1467 1102 in

190 1118 373 1166 ancipites
394 1119 439 1154 ad
461 1119 576 1155 ictum
597 1119 783 1167 utrimque
817 1119 1073 1167 conjiciebant
1106 1119 1253 1162 hastas3
1293 1130 1365 1154 nec
1395 1119 1470 1167 pila

190 1170 236 1206 ab
257 1170 514 1219 antesignanis
533 1170 732 1207 cessabant
748 1183 758 1214 ς
787 1171 909 1207 donec
929 1170 1095 1218 undique
1112 1170 1368 1206 incidentibus
1384 1171 1469 1207 telis

145 1231 177 1258 20
190 1222 314 1258 exacti
334 1235 381 1258 ex
400 1223 571 1258 Romana
592 1222 686 1265 acie,
710 1222 747 1258 hi
766 1235 912 1270 quoque
932 1222 969 1258 in
991 1235 1058 1259 suo
1083 1223 1214 1258 dextro
1233 1235 1349 1258 cornu
1371 1222 1469 1270 ipsos

192 1273 564 1322 Carthaginiensium
584 1274 731 1322 equites
758 1275 795 1310 in
833 1274 960 1323 fugam
996 1282 1199 1311 verterunt.
1256 1274 1408 1320 Laelius,
1429 1281 1470 1311 ut

189 1326 356 1362 turbatos
375 1326 466 1362 vidit
486 1326 621 1372 hostes,
643 1327 746 1362 addit
765 1326 946 1375 perculsis
962 1332 1153 1363 terrorem.

251 1429 445 1466 XXXIV.
474 1429 671 1478 Utrimque
684 1430 807 1478 equite
821 1430 962 1466 nudata
977 1437 1057 1466 erat
1069 1430 1215 1467 Punica
1229 1430 1342 1477 acies,
1355 1443 1468 1478 quum

188 1481 304 1530 pedes
323 1481 527 1528 concurrit,
547 1494 620 1518 nec
640 1495 704 1530 spe
724 1495 796 1518 nec
816 1482 956 1518 viribus
971 1481 1047 1530 jam
1068 1495 1134 1530 par
1152 1495 1160 1518 ε
1191 1483 1236 1519 ad
1261 1483 1342 1525 hoc,
1364 1482 1468 1519 dictu

144 1543 313 1582 25parva,
333 1533 399 1569 sed
419 1534 547 1582 magni
575 1534 707 1570 eadem
737 1534 775 1570 in
804 1547 844 1570 re
872 1535 1037 1583 gerenda
1067 1535 1246 1571 momenti
1276 1547 1347 1577 res,
1382 1547 1470 1570 con-

188 1597 328 1634 gruens
349 1585 488 1622 clamor
517 1598 539 1622 a
567 1585 766 1632 Romanis,
786 1585 907 1634 euque
926 1586 1043 1635 major
1071 1593 1109 1622 et
1127 1586 1326 1623 terribilior
1344 1599 1351 1622 :
1395 1586 1469 1622 dis-

189 1649 291 1673 sonae
312 1636 397 1679 illis,
418 1643 459 1673 ut
477 1637 647 1685 gentium
668 1638 868 1674 multarum
904 1638 1205 1686 discrepantibus
1225 1639 1377 1687 linguis,
1408 1650 1468 1675 vo-

189 1701 264 1725 ces.
311 1688 444 1737 Pugna
460 1688 636 1725 Romana
649 1689 805 1736 stabilis,
827 1697 865 1725 et
884 1702 951 1726 suo
971 1697 1008 1726 et
1023 1702 1209 1726 armorum
1226 1691 1392 1738 pondere
1414 1690 1469 1726 in-

189 1740 448 1777 cumbentium
468 1740 509 1776 in
530 1741 673 1777 hostem
692 1753 699 1777 :
728 1741 967 1778 concursatio
983 1748 1020 1777 et
1040 1741 1215 1778 velocitas
1229 1742 1332 1778 illinc
1352 1741 1468 1790 major

144 1803 176 1827 30
188 1792 298 1840 quam
318 1792 384 1828 vis.
440 1791 559 1840 Igitur
577 1793 698 1841 primo
727 1793 868 1840 impetu
897 1793 1085 1841 extemplo
1113 1794 1261 1829 movere
1281 1793 1364 1830 loco
1383 1793 1469 1829 hos-

188 1844 282 1880 tium
302 1844 423 1880 aciem
450 1844 642 1881 Romani:
689 1845 745 1881 ala
775 1845 912 1881 deinde
940 1852 978 1881 et
1006 1845 1232 1881 umbonibus
1262 1845 1467 1893 pulsantes,

188 1895 225 1932 in
247 1896 436 1933 submotos
454 1896 573 1944 gradu
599 1896 712 1942 illato,
742 1896 972 1943 aliquantum
1007 1896 1127 1944 spatii,
1162 1896 1263 1933 velut
1281 1896 1384 1933 nullo
1412 1909 1469 1933 re-

189 1947 355 1994 sistente,
375 1947 593 1992 incessereg
639 1948 861 1996 urgentibus
879 1955 917 1984 et
945 1948 1156 1984 novissimis
1175 1948 1326 1996 primos,
1347 1956 1387 1985 ut
1414 1961 1469 1985 se-

189 1999 261 2035 mel
292 2006 429 2036 motam
459 1999 580 2036 aciem
611 2001 783 2045 sensere3
830 2000 928 2047 quod
948 1999 1070 2048 ipsum
1100 2000 1173 2036 vim
1207 2013 1383 2049 magnam
1422 2001 1467 2036 ad

145 2063 177 2088 35
190 2051 406 2100 pellendum
436 2051 580 2088 hostem
600 2051 772 2088 addebat.
830 2052 944 2100 Apud
983 2052 1120 2094 hostes,
1159 2052 1361 2089 auxiliares
1404 2064 1464 2088 ce-

190 2104 322 2139 dentes
350 2103 518 2139 secunda
546 2103 658 2149 acies,
689 2102 772 2139 Afri
811 2110 848 2139 et
876 2103 1224 2151 Carthaginienses,
1268 2103 1361 2140 ade&
1390 2116 1466 2140 non

191 2155 436 2199 sustinebant,
458 2161 499 2191 ut
517 2154 646 2191 contra
665 2155 795 2198 etiam,
815 2168 863 2192 ne
889 2155 1105 2192 resistentes
1133 2156 1375 2204 pertinaciter
1394 2156 1468 2204 pri-

191 2220 270 2243 mos
290 2206 472 2243 caedendo
491 2206 537 2242 ad
557 2219 597 2242 se
614 2207 825 2255 perveniret
845 2207 972 2250 hostis,
993 2207 1128 2255 pedem
1144 2207 1335 2245 referrent.
1392 2208 1468 2257 Igi-

190 2266 252 2295 tur
272 2258 470 2294 auxiliares
485 2265 590 2307 terga
616 2259 706 2295 dant
733 2260 910 2308 repente:
955 2267 1003 2305 et,
1035 2259 1073 2295 in
1093 2272 1180 2296 suos
1200 2260 1307 2306 versi,
1328 2260 1463 2309 partim

148 2323 179 2349 ⁴0
192 2311 363 2359 refugere
383 2310 421 2346 in
441 2311 647 2347 secundam
668 2311 801 2356 aciem,
822 2312 955 2359 partim
972 2324 1047 2348 non
1064 2311 1290 2361 recipientes
1304 2312 1463 2354 caedere,

191 2362 245 2398 uti
263 2360 374 2411 paul&
407 2361 491 2398 ante
525 2375 599 2398 non
633 2363 762 2412 adjuti,
793 2370 830 2400 et
857 2370 949 2400 tunc
968 2363 1123 2400 exclusi.
1180 2363 1230 2401 Et
1260 2364 1371 2413 prope}
1392 2363 1466 2398 duo

189 2414 266 2464 jam
286 2413 467 2463 permixta
487 2414 617 2462 proelia
635 2421 751 2461 erant,
772 2428 885 2464 quum
902 2416 1236 2465 Carthaginienses
1255 2415 1364 2452 simul
1378 2426 1464 2451 cum
