1617 2765
578 166 718 197 LIBER
740 165 854 196 XXII.
900 174 979 196 CAP.
997 175 1069 197 Lvt.
1393 167 1467 204 199

187 260 391 311 vectigales
411 273 454 297 ac
483 259 747 307 stipendiarios
777 259 855 296 fieri
876 271 916 295 se
946 260 1043 307 passi
1064 261 1180 296 sunt?
1219 268 1282 297 aut
1300 271 1466 309 pugnam

188 314 382 350 adversam
402 312 441 349 in
462 311 608 354 Africa,
630 312 691 347 cui
712 319 841 359 postea
857 311 919 348 hic
936 311 1013 359 ipse
1032 312 1224 348 Hannibal
1241 315 1467 351 succubuit?

187 365 291 401 nulla
311 378 357 401 ex
375 370 480 413 parte
500 364 762 412 comparandae
793 370 893 407 sunt,
925 363 997 400 nisi
1028 363 1129 412 quod
1164 364 1307 401 minore
1342 366 1467 402 animo

186 417 270 454 latae
290 423 388 453 sunt.

156 536 173 561 5
239 520 320 558 LV.
351 520 392 558 P.
406 520 544 557 Furius
556 520 687 557 Philus
700 528 737 558 et
753 520 910 557 Manius
923 520 1154 570 Pomponius
1169 528 1346 570 praetores
1363 534 1469 558 sena·

185 579 265 610 tum
286 573 324 610 in
344 573 487 609 curiam
510 573 711 609 Hostiliam
747 580 987 620 vocaverunt,
1025 581 1066 610 ut
1097 575 1144 610 de
1175 574 1277 610 urbis
1298 575 1469 610 custodia

185 625 448 662 consulerent:
478 637 600 673 neque
613 625 714 661 enim
729 625 964 668 dubitabant,
982 626 1116 663 deletis
1132 626 1372 671 exercitibus,
1388 627 1470 663 hos-

185 684 259 713 tem
281 677 327 713 ad
347 678 641 726 oppugnandam
676 678 854 720 Romam,
875 678 975 726 quod
996 691 1113 714 unum
1133 691 1227 727 opus
1247 678 1335 714 belli
1355 686 1470 715 resta-

184 737 253 775 ret,
283 736 495 765 venturum.
550 729 685 769 Quum
707 730 744 766 in
767 730 887 773 malis,
922 730 1021 766 sicut
1040 731 1271 780 ingentibus,
1293 731 1344 766 ita
1365 730 1470 779 igno-

141 794 172 819 ιο
185 780 244 826 tis,
282 794 330 817 ne
359 781 561 818 consilium
589 782 744 830 quidem
773 782 862 818 satis
901 782 1133 831 expedirent,
1163 783 1469 831 obstreperetque

185 832 327 870 clamor
364 833 652 870 lamentantium
682 834 894 878 mulierum,
924 842 975 880 et,
1005 836 1173 871 nondum
1202 834 1326 883 palam
1356 835 1468 878 facto,

185 886 258 922 vivi
279 886 489 934 mortuique
509 899 573 934 per
592 899 724 922 omnes
743 899 851 934 paene
872 887 1003 923 domos
1021 887 1233 935 promiscue
1263 887 1470 936 complora-

185 945 339 982 rentur;
370 945 448 974 tum
468 937 521 976 Q.
543 937 684 973 Fabius
707 939 896 974 Maximus
916 939 1076 985 censuit,
1108 946 1131 962 “
1149 940 1294 987 equites
1319 939 1470 988 expedi-

186 995 281 1025 “tos
309 996 347 1025 et
376 989 502 1037 Appia
530 996 568 1025 et
597 989 734 1025 Latina
755 990 812 1025 via
833 990 1049 1036 mittendos,
1069 991 1145 1038 qui,
1165 992 1294 1027 obvios
1313 1003 1470 1039 percon-

141 1041 338 1080 15“tando
368 1041 510 1089 aliquos
539 1041 726 1089 profectos
759 1053 804 1077 ex
835 1041 936 1091 fuga,
966 1043 1104 1090 passim
1134 1043 1346 1091 dissipatOS,
1377 1043 1469 1080 forte

186 1093 401 1138 “referant,
429 1106 512 1141 quae
542 1093 692 1130 fortuna
710 1094 910 1130 consulum
941 1101 1052 1142 atque
1072 1095 1311 1131 exercituum
1332 1095 1403 1140 sit3
1433 1102 1471 1132 et

186 1151 210 1168 “
224 1145 254 1182 si
274 1146 363 1194 quid
384 1145 448 1181 Dii
470 1146 712 1192 immortales,
733 1146 890 1183 miseriti
907 1147 1066 1195 imperii,
1088 1147 1273 1196 reliquum
1295 1147 1471 1184 Romano

187 1203 211 1220 “
224 1198 368 1235 nomini
389 1197 561 1241 fecerint,
596 1198 660 1234 ubi
681 1210 736 1234 eae
756 1198 874 1247 copiae
894 1199 968 1235 sint
985 1212 992 1235 :
1022 1197 1094 1247 quo
1114 1212 1153 1236 se
1174 1199 1368 1236 Hannibal
1388 1206 1470 1248 post

187 1255 211 1272 “
224 1249 396 1298 proeIIum
417 1250 618 1286 contulerit
635 1263 642 1286 :
685 1251 774 1299 quid
794 1258 911 1299 paret,
932 1251 1020 1299 quid
1042 1258 1141 1300 agat,
1162 1259 1389 1300 acturusque
1409 1252 1468 1288 sit.

140 1315 173 1340 20
187 1308 211 1324 “
226 1302 322 1339 Haec
341 1302 574 1351 exploranda
601 1303 870 1351 noscendaque
903 1316 968 1352 per
988 1304 1167 1353 impigros
1183 1304 1342 1353 juvenes
1361 1316 1443 1340 esse
1461 1317 1468 1340 :

187 1354 316 1391 “illud
345 1367 411 1403 per
448 1355 578 1391 Patres
612 1354 711 1403 ipsos
741 1356 945 1404 agendum,
975 1357 1153 1404 quoniam
1183 1356 1469 1405 magistratuum

186 1412 356 1455 “parum
376 1406 436 1450 sit,
458 1414 499 1444 ut
517 1408 720 1444 tumultum
741 1420 786 1444 ac
819 1408 1110 1457 trepidationem
1141 1409 1179 1445 in
1212 1409 1305 1445 urbe
1325 1408 1469 1455 tollant,

186 1464 211 1481 “
224 1467 414 1495 matronas
433 1459 585 1508 publico
605 1467 773 1506 arceant,
803 1461 1065 1509 continerique
1096 1461 1193 1497 intra
1213 1474 1322 1497 suum
1342 1474 1471 1509 quam-

186 1515 296 1559 “que
331 1510 447 1547 limen
485 1518 651 1560 cogant:
699 1513 951 1561 comploratus
982 1513 1207 1549 familiarum
1236 1515 1470 1550 coerceant:

139 1576 173 1602 25
187 1568 211 1585 “
225 1562 417 1599 silentium
431 1576 497 1612 per
527 1564 659 1600 urbem
694 1564 859 1601 faciant:
904 1565 1058 1602 nuntios
1078 1578 1203 1601 rerum
1222 1565 1393 1602 omnium
1423 1565 1470 1602 ad

187 1621 211 1637 ‘⁶
223 1623 398 1663 praetores
409 1616 655 1653 deducendos
668 1624 821 1653 curent:
842 1630 917 1653 suae
930 1617 1085 1666 quisque
1100 1618 1257 1654 fortunae
1271 1617 1373 1654 dorni
1383 1630 1471 1654 auc-

188 1672 212 1689 “
224 1674 343 1703 torem
363 1675 585 1715 exspectent
603 1681 611 1703 :
640 1669 892 1717 custodesque
907 1677 1088 1718 praeterea
1104 1670 1150 1706 ad
1172 1677 1296 1719 portas
1315 1677 1470 1718 ponant,

188 1719 287 1767 “qui
307 1719 532 1768 prohibeant
550 1733 777 1768 quemquam
806 1722 936 1770 egredi
969 1722 1099 1758 urbem
1117 1734 1127 1765 3
1175 1729 1387 1770 cogantque
1407 1722 1471 1759 ho·

188 1771 347 1807 “mines
366 1771 522 1815 nullam,
543 1772 615 1808 nisi
636 1773 729 1808 urbe
759 1785 803 1809 ac
833 1773 1021 1809 moenibus
1054 1773 1178 1820 salvis,
1212 1773 1371 1810 salutem
1392 1786 1472 1822 spe-

141 1838 174 1863 30
188 1829 319 1860 “rare.
376 1823 449 1861 Ubi
466 1824 694 1861 conticuerit
713 1825 909 1868 tumultus,
934 1825 1036 1862 recte
1066 1833 1146 1862 turn
1181 1826 1219 1862 in
1239 1825 1383 1862 curiam
1404 1826 1472 1862 Pa-

189 1881 301 1912 “tres
321 1876 565 1923 revocandos,
598 1877 949 1926 consulendumque
966 1878 1012 1914 de
1033 1877 1136 1914 urbis
1155 1878 1328 1914 custodia
1348 1878 1469 1914 esse.”

238 1980 343 2018 LVI.
387 1980 521 2021 Quum
542 1981 581 2018 in
601 1981 701 2019 hanc
736 1982 962 2019 sententiam
993 1983 1152 2032 pedibus
1179 1995 1313 2020 omnes
1341 1984 1471 2030 issent,

186 2033 433 2082 submotaque
455 2034 533 2071 foro
551 2047 617 2083 per
636 2035 877 2083 magistratus
897 2036 1020 2082 turba,
1042 2035 1171 2072 Patres
1191 2036 1327 2072 diversi
1348 2036 1394 2072 ad
1415 2048 1472 2072 se-

186 2086 331 2123 dandos
359 2086 543 2122 tumultus
572 2086 863 2131 discessissent3
909 2094 990 2124 tum
1023 2088 1176 2124 demum
1205 2088 1322 2124 literae
1343 2100 1365 2124 a
1394 2087 1472 2124 Te-

142 2156 174 2182 35
188 2138 308 2175 rentio
328 2138 484 2175 consule
504 2139 624 2175 allatae
653 2146 761 2185 sunt;
819 2146 842 2162 “
861 2140 904 2176 L.
927 2139 1124 2176 AEmilium
1152 2140 1348 2177 consulem
1368 2152 1472 2176 exer-

189 2196 213 2213 “
228 2190 419 2238 citumque
439 2203 579 2227 caesum
597 2204 606 2236 3
649 2204 731 2228 sese
752 2192 910 2228 Canusii
930 2205 1025 2238 esse,
1060 2192 1234 2241 reliquias
1264 2199 1377 2229 tantae
1397 2192 1472 2228 cla-

190 2248 213 2265 “
229 2242 286 2278 dis
305 2242 406 2278 velut
426 2255 472 2279 ex
492 2243 688 2292 naufragio
707 2244 974 2294 colligentem:
1018 2245 1065 2281 ad
1085 2245 1220 2281 decem
1240 2245 1358 2282 millia
1376 2244 1472 2281 mili-

190 2300 214 2317 “
229 2305 306 2330 turn
329 2294 445 2331 ferme
464 2307 547 2331 esse
580 2296 914 2345 incompositorum
947 2297 1330 2347 inordinatorumque.
1388 2296 1471 2333 Poe-

191 2352 320 2382 “num
353 2347 485 2383 sedere
515 2348 561 2383 ad
596 2348 763 2393 Cannas,
793 2349 832 2386 in
862 2349 1094 2398 captivorum
1124 2350 1253 2399 pretiis
1272 2350 1470 2399 praedaque

144 2416 177 2442 40
191 2405 215 2422 ‘⁴
230 2398 314 2445 alia,
336 2411 409 2435 nec
430 2398 580 2436 victoris
599 2400 739 2448 animo,
759 2414 833 2438 nec
852 2401 981 2450 magni
1001 2402 1110 2439 ducis
1124 2415 1238 2449 more,
1258 2402 1471 2439 nundinan-

191 2452 342 2487 “tem.’'
413 2450 517 2488 Tum
548 2452 698 2501 privatae
726 2466 872 2502 quoque
902 2466 968 2503 per
997 2455 1126 2492 domos
1155 2455 1282 2492 clades
1310 2453 1470 2501 vulgatae
