1617 2765
178 178 252 215 126
723 180 813 210 T1T1
839 180 949 210 Livn

174 271 292 308 defuit
321 279 478 316 auctor;
525 280 662 309 caetera
699 273 831 309 eodem
874 273 1005 309 ordine
1044 274 1249 321 eodemque
1293 274 1447 311 fortunae

173 330 308 359 eventu
327 331 457 372 gesta:
503 325 592 372 quin
627 325 752 366 etiam,
785 325 945 360 ducibus
975 325 1141 373 captivis,
1161 325 1223 372 qui
1244 326 1338 361 caedi
1360 338 1449 362 noc·

173 382 291 411 turnae
320 376 593 423 superfuerant,
624 377 669 411 ad
704 376 814 411 aliam
848 389 999 412 manum
1033 377 1247 413 Tuscorum
1276 377 1322 412 ad
1354 377 1448 413 Sali-

172 439 240 462 nas
259 427 425 475 profecti,
448 435 557 463 nocte
579 428 790 475 insequenti
824 440 869 463 ex
890 428 1087 475 improviso
1107 429 1282 476 majorem
1304 429 1445 464 caedem

171 478 343 524 edidere3
373 479 588 527 duplicique
609 479 764 515 victoria
782 488 934 516 ovantes
956 480 1069 528 Vejos
1088 480 1256 516 redeunt.
1476 487 1492 512 ⁵

221 582 366 618 XLVI.
397 583 531 618 Romae
549 582 696 619 interim
709 583 925 632 plerumque
941 584 1086 621 obsidio
1105 584 1245 633 segni5‚
1265 590 1301 620 et
1321 584 1448 620 utrim-

168 646 239 681 que
260 634 448 670 silentium
478 647 582 671 esse:
625 636 671 670 ad
692 636 728 671 id
763 635 908 672 tantum
942 636 1096 672 intentis
1124 636 1255 682 Gallis,
1288 648 1335 671 ne
1365 636 1448 683 quis

169 685 330 722 hostium
351 686 508 722 evadere
529 686 625 723 inter
655 687 833 723 stationes
851 695 994 735 posset3
1037 700 1151 735 quum
1172 687 1324 735 repente
1342 687 1446 735 juve-

168 736 228 773 nis
248 737 447 773 Romanus
480 738 782 774 admirationem
817 751 857 774 se
890 739 991 774 cives
1021 739 1218 786 hostesque
1249 746 1444 774 convertit.

169 789 408 825 Sacrificium
428 797 507 825 erat
527 797 662 825 statum
685 790 721 825 in
754 789 946 828 Quirinali
966 790 1061 825 colle
1080 790 1182 838 genti
1204 789 1356 825 Fabiae:
1399 791 1443 826 ad
1462 801 1492 825 10

168 840 204 875 id
227 840 442 876 faciendum
462 840 506 876 C.
528 840 669 877 Fabius
688 840 823 887 Dorso,
853 841 1002 877 Gabino
1033 841 1177 883 cinctu,
1203 853 1310 877 sacra
1329 853 1446 877 mani-

168 891 237 927 bus
255 904 404 940 gerens,
425 905 540 940 quum
560 893 606 928 de
627 893 813 941 Capitolio
833 893 1102 937 descendisset,
1123 905 1187 941 per
1203 893 1345 928 medias
1365 893 1447 929 hos-

167 943 260 979 tium
281 944 459 980 stationes
478 957 664 992 egressus,
681 945 773 980 nihil
795 945 841 980 ad
861 957 990 981 vocem
1011 945 1230 993 cujusquam
1251 951 1446 981 terrorem-

166 1007 210 1031 ve
232 1003 365 1042 motus,
386 996 423 1032 in
443 995 682 1034 Quirinalem
714 996 849 1032 collem
882 996 1072 1044 pervenit:
1119 996 1244 1044 ibique
1270 996 1445 1032 omnibus

167 1047 371 1083 solenniter
389 1047 564 1096 peractis,
584 1049 716 1083 eadem
736 1056 927 1084 revertens
946 1048 1117 1084 similiter
1133 1048 1319 1083 constanti
1342 1047 1443 1084 vultu
1461 1059 1491 1083 15

166 1099 370 1147 graduque,
392 1099 480 1135 satis
500 1112 653 1147 sperans
673 1100 849 1148 propitios
867 1112 948 1135 esse
979 1099 1093 1144 Deos,
1125 1112 1280 1147 quorum
1301 1099 1443 1135 cultum

167 1163 214 1186 ne
235 1151 362 1187 mortis
380 1151 532 1198 quidem
553 1159 655 1187 metu
675 1152 882 1199 prohibitus
902 1151 1140 1193 deseruisset,
1162 1150 1200 1186 in
1217 1151 1444 1198 Capitolium

167 1202 211 1237 ad
233 1215 319 1238 suos
338 1203 461 1245 rediit,
482 1215 549 1238 seu
569 1203 734 1239 attonitis
753 1203 872 1239 Gallis
900 1202 1082 1238 miraculo
1101 1202 1282 1245 audaciae,
1303 1214 1369 1237 seu
1390 1214 1446 1238 re-

167 1253 306 1301 ligione
326 1254 439 1290 etiam
460 1254 581 1299 motis,
599 1255 707 1303 cujus
740 1255 1025 1302 haudquaquam
1046 1253 1243 1301 negligens
1261 1260 1318 1289 est
1337 1265 1443 1301 gens.

170 1305 271 1354 Vejis
291 1306 440 1341 interim
476 1318 550 1342 non
585 1306 700 1342 animi
731 1308 873 1342 tantum
904 1306 941 1342 in
972 1306 1064 1350 dies,
1096 1305 1162 1341 sed
1195 1305 1307 1341 etiam
1335 1305 1490 1352 vires‚2o

165 1358 413 1415 crescebant3
444 1370 515 1393 nec
535 1357 720 1394 Romanis
740 1357 859 1394 solum
880 1357 925 1394 eo
943 1357 1255 1394 convenientibus
1268 1369 1314 1393 ex
1333 1356 1445 1405 agris,

164 1409 226 1457 qui
254 1422 275 1445 a
304 1409 434 1458 proelio
467 1409 621 1446 adverso
641 1417 706 1446 aut
725 1410 832 1446 clade
862 1416 980 1458 captae
1010 1409 1112 1445 urbis
1140 1409 1252 1467 palati
1282 1408 1443 1454 fuerant,

164 1462 230 1497 sed
249 1462 362 1497 etiam
383 1474 429 1497 ex
449 1461 558 1498 Latio
577 1461 793 1498 voluntariis
805 1461 1096 1506 confluentibus,
1119 1468 1157 1496 ut
1171 1462 1209 1496 in
1229 1467 1333 1509 parte
1352 1472 1445 1508 prae-

165 1513 221 1548 dae
241 1521 377 1550 essent.
435 1513 627 1549 Maturum
652 1513 728 1562 jam
759 1513 964 1557 videbatur,
991 1513 1108 1560 repeti
1137 1513 1308 1560 patriam,
1337 1511 1445 1559 eripi-

163 1577 235 1612 que
255 1577 302 1601 ex
322 1565 482 1601 hostium
514 1565 713 1600 manibus·
704 1593 714 1609 ,
756 1565 821 1600 sed
842 1565 986 1612 corpori
1012 1563 1133 1600 valido
1163 1571 1276 1611 caput
1303 1563 1442 1599 deerat.
1456 1573 1489 1599 2³

164 1617 291 1653 Locus
312 1617 390 1664 ipse
411 1616 637 1652 admonebat
657 1616 819 1661 Camilli,
840 1624 878 1652 et
907 1628 1044 1664 magna
1063 1627 1148 1663 pars
1173 1615 1331 1651 militum
1353 1622 1442 1659 erat,

162 1669 225 1716 qui
245 1669 360 1704 ductu
382 1668 623 1716 auspicioque
643 1668 724 1717 ejus
744 1681 803 1704 res
823 1668 995 1716 prospere
1016 1674 1232 1715 gesserant:
1263 1675 1300 1702 et
1321 1666 1445 1702 Caedi-

163 1722 246 1756 cius
266 1733 418 1769 negare,
439 1732 478 1755 se
499 1720 800 1763 commissurum,
822 1733 888 1755 cur
918 1719 988 1754 sibi
1023 1726 1086 1755 aut
1106 1719 1272 1755 Deorum
1293 1725 1356 1754 aut
1383 1718 1445 1754 ho-

163 1772 307 1809 minum
326 1772 521 1820 quisquam
543 1772 739 1820 imperium
762 1771 885 1807 finiret
910 1771 1048 1819 potius,
1069 1769 1182 1818 quam
1204 1770 1282 1819 ipse
1302 1781 1444 1805 memor

162 1824 305 1860 ordinis
323 1824 380 1860 sui
401 1831 572 1871 posceret
587 1824 860 1872 imperatorem.
891 1822 1088 1859 Consensu
1104 1822 1272 1858 omnium
1289 1821 1442 1869 placuit,
1456 1832 1488 1856 3ο

163 1876 209 1911 ab
230 1876 356 1911 Ardea
376 1875 578 1911 Camillum
600 1876 714 1911 acciri
733 1889 740 1920 3
781 1876 846 1911 sed
877 1882 989 1910 antea
1018 1874 1189 1910 consulto
1214 1880 1359 1918 senatu,
1379 1873 1442 1920 qui

163 1928 298 1964 Romae
335 1934 456 1963 esset:
503 1925 597 1962 adeo
626 1928 780 1975 regebat
815 1926 944 1963 omnia
980 1926 1112 1973 pudor,
1149 1925 1442 1972 discriminaque

162 1992 285 2015 rerum
315 1980 427 2027 prope
457 1978 611 2027 perditis
652 1979 764 2014 rebus
803 1977 1010 2013 servabant.
1086 1976 1236 2025 Ingenti
1275 1975 1443 2024 periculo

161 2031 433 2067 transeundum
452 2043 517 2079 per
548 2030 710 2066 hostium
731 2029 920 2066 custodias
938 2036 1038 2064 erat:
1080 2028 1126 2063 ad
1147 2040 1230 2064 eam
1246 2040 1324 2064 rem
1346 2027 1443 2063 Pon-

162 2083 236 2119 tius
256 2083 467 2124 Cominius,
490 2082 646 2130 impiger
671 2082 832 2130 juvenis,
863 2093 1014 2128 operam
1036 2079 1234 2128 pollicitus,
1256 2080 1487 2115 ineubansas

163 2135 307 2179 cortici,
329 2135 496 2171 secundo
516 2133 649 2170 Tiberi
670 2134 716 2170 ad
737 2134 866 2170 urbem
886 2132 1072 2168 defertur:
1111 2132 1212 2177 inde,
1232 2133 1302 2179 qua
1322 2131 1444 2179 proxi-

162 2198 265 2222 mum
291 2186 356 2223 fuit
377 2199 399 2222 a
418 2187 511 2234 ripa,
531 2198 595 2234 per
616 2193 852 2234 praeruptum,
885 2182 1004 2232 eoque
1036 2184 1250 2232 neglectum
1279 2183 1441 2219 hostium

163 2239 356 2283 custodiae,
377 2251 506 2274 saxum
538 2238 574 2274 in
608 2238 834 2286 Capitolium
864 2236 1014 2279 evadit3
1061 2244 1098 2272 et
1127 2235 1173 2271 ad
1204 2236 1442 2284 magistratus

163 2290 312 2334 ductus,
334 2290 510 2325 mandata
529 2290 714 2325 exercitus
733 2289 821 2325 edit.
879 2289 1051 2336 Accepto
1081 2288 1168 2324 inde
1201 2288 1351 2323 senatus
1377 2287 1444 2327 de->

164 2350 280 2387 creto,
318 2349 358 2377 ut
395 2349 443 2385 et,
482 2341 643 2377 comitiis
681 2341 834 2378 curiatis
862 2348 1057 2376 revocatus
1088 2340 1134 2375 de
1164 2339 1307 2385 exsilio,
1333 2339 1438 2387 jussu
1454 2348 1486 2373 4ο

163 2394 288 2442 populi
309 2372 492 2433 Camillus
512 2393 669 2429 dictator
698 2392 884 2440 extemplo
913 2392 1113 2436 diceretur,
1148 2391 1357 2438 militesque
1377 2391 1441 2425 ha-

165 2446 297 2482 berent
318 2446 589 2494 imperatorem,
610 2457 720 2493 quem
734 2445 896 2481 vellent·
888 2472 897 2488 ,
927 2445 1057 2481 eadem
1075 2444 1273 2492 degressus
1286 2441 1440 2478 nuntius
