1617 2765
152 215 223 253 134
673 214 764 246 ΤΙΤΙ
788 214 899 246 LlVII

200 308 306 346 LIV.
337 311 360 332 “
375 308 483 349 Quid
503 309 655 346 tandem
675 310 688 345 Τ
719 309 749 346 si
770 308 913 355 fraude,
934 308 964 345 si
984 321 1075 346 casu
1088 309 1194 358 Vejis
1210 309 1430 347 incendium

144 362 300 398 “ortum
321 362 380 408 sit,
401 369 584 409 ventoque
620 360 679 409 (ut
699 361 778 397 fieri
807 362 946 411 potest)
983 361 1120 398 diffusa
1150 361 1301 398 flamma
1329 374 1432 411 mag-

143 415 266 450 “nam
293 422 435 462 partem
470 414 572 450 urbis
602 414 800 457 absumat3
850 413 1016 450 Fidenas
1048 413 1150 456 inde,
1181 421 1244 450 aut
1272 413 1428 458 Gabios,

143 465 336 502 “aliamve
365 479 476 514 quam
505 466 650 512 urbem,
692 465 884 514 quaesituri
914 478 1056 509 sumus,
1087 465 1159 514 quo
1188 466 1431 514 transmigre-

143 519 292 555 “mus'!
365 517 476 555 Adeo
512 518 605 554 nihil
643 525 747 554 tenet
775 518 893 554 solum
923 518 1064 566 patriae,
1094 531 1167 555 nec
1205 518 1287 554 haec
1317 525 1428 561 terra,
1459 526 1477 552 5

143 573 291 618 “quam
322 578 479 607 matrem
521 570 781 628 appellamus·
773 598 782 614 ‚
830 570 896 606 sed
931 571 968 606 in
1005 570 1204 619 superficie
1238 570 1430 619 tignisque

143 623 318 659 “caritas
355 623 464 659 nobis
491 623 620 671 patriae
656 623 826 671 pendet?
901 622 1102 671 Equidem,
1141 622 1283 659 fatebor
1312 622 1429 668 vobis,

143 675 250 711 “etsi
271 674 394 711 minus
413 675 560 723 inJ'uriae
592 682 735 720 vestrae,
769 687 880 722 quarn
913 687 1007 711 meae
1041 675 1279 732 calamitatis,
1300 674 1432 711 memi-

144 727 282 763 “nisse
298 728 415 776 juv‚at
436 739 551 775 quum
571 727 755 773 abessem,
784 726 1092 775 quotiescumque
1121 727 1241 776 patria
1266 727 1304 763 in
1325 739 1431 763 men-

143 783 256 815 “tem
278 780 434 822 veniret,
465 780 547 815 haec
566 778 695 815 omnia
713 779 978 821 occurrebant,
999 779 1128 825 colles,
1161 779 1371 827 campique,
1395 786 1433 815 et
1448 787 1478 810 10

143 836 167 856 “
181 830 347 874 Tiberis,
369 838 406 867 et
436 838 585 867 assueta
615 830 737 867 oculis
770 831 886 879 regio,
917 837 955 867 et
973 831 1045 867 hoc
1077 831 1230 874 coelum‚
1257 831 1327 867 sub
1359 843 1434 879 quo

143 888 168 908 “
182 890 293 920 natus
313 883 570 931 educatusque
590 895 712 919 essem
731 895 739 919 :
777 896 860 931 quae
880 895 955 929 VOS,
975 882 1160 929 Quirites,
1187 895 1292 920 nunc
1311 895 1435 920 move·

144 941 246 972 “ant
264 936 387 985 potitis
407 936 562 972 caritate
583 937 663 982 sua,
697 942 738 972 ut
766 935 951 972 maneatis
980 936 1019 972 in
1048 935 1137 972 sede
1166 936 1300 985 vestra,
1319 934 1432 984 quam

143 994 326 1036 “postea,
360 1001 474 1036 quum
505 987 730 1036 reliqueritis
757 1000 815 1031 ea,
848 995 1041 1024 macerent
1069 988 1267 1025 desiderio.
1341 988 1432 1025 Non

144 1040 266 1077 “sine
299 1042 413 1077 causa
446 1040 511 1076 Dii
541 1039 788 1088 hominesque
820 1040 923 1076 hunc
957 1040 1038 1076 urbi
1068 1041 1278 1077 condendae
1306 1040 1431 1078 locum
1448 1047 1477 1072 15

146 1093 393 1142 “eleget-unt,
437 1092 702 1129 saluberrimos
738 1092 865 1138 eolles,
896 1092 1038 1129 flumen
1066 1100 1330 1142 opportunum,
1360 1105 1434 1151 quo

143 1151 234 1181 “ex
254 1145 541 1182 mediterraneis
573 1144 667 1181 locis
705 1144 830 1193 fruges
867 1145 1113 1203 devehantur,
1150 1158 1223 1193 quo
1255 1145 1433 1182 maritimi

144 1204 416 1234 “commeatus
446 1197 704 1245 accipiantur3
744 1209 847 1233 mare
874 1197 1042 1233 vicinum
1062 1197 1108 1233 ad
1129 1198 1430 1240 commoditates,

147 1257 258 1286 “nec
282 1250 493 1298 expositum
528 1248 644 1285 nimia
678 1249 952 1297 propinquitate
983 1249 1029 1285 ad
1059 1249 1227 1298 pericula
1254 1249 1433 1286 classium

147 1309 452 1339 “externarum·
444 1331 452 1346 ,
495 1301 693 1351 regionum
727 1301 847 1337 Italiae
876 1302 1058 1350 medium,
1087 1301 1132 1337 ad
1155 1302 1478 1338 incrementumm

147 1364 170 1385 <c
187 1355 290 1391 urbis
310 1362 440 1391 natum
460 1353 572 1390 unice
592 1353 731 1390 locum.
788 1354 1028 1402 Argumento
1060 1360 1117 1390 est
1148 1354 1228 1403 ipsa
1246 1354 1434 1403 magnitu-

146 1403 234 1444 “do
263 1417 337 1444 tarn
369 1419 474 1444 novae
496 1406 624 1442 urbis:
662 1407 954 1442 trecentesimus
985 1406 1244 1456 sexagesimus
1280 1407 1434 1455 quintus

107 1502 109 1504 ,
162 1457 308 1496 ‘annus
329 1460 444 1507 urbis,
463 1458 648 1502 Quirites,
682 1458 830 1507 agitur3
874 1459 971 1495 inter
1000 1466 1054 1496 tot
1083 1459 1299 1496 veterrimos
1319 1472 1435 1507 popu-

146 1508 171 1530 “
184 1512 239 1549 los
257 1512 401 1549 tamdiu
422 1511 519 1548 bella
531 1510 668 1568 'geritis
685 1523 695 1555 ς
738 1523 853 1559 quum
873 1511 1030 1557 interea,
1051 1523 1099 1547 ne
1118 1511 1287 1559 singulas
1305 1511 1434 1559 loquar

146 1562 307 1610 “urbes‚
343 1577 418 1601 non
452 1562 647 1611 conjuncti
680 1575 767 1599 cum
798 1563 934 1610 AEquis
964 1542 1106 1610 Volsci,
1136 1570 1284 1599 tottam
1313 1563 1479 1599 validaffi

146 1613 170 1635 ‘4
183 1617 332 1666 oppida,
354 1629 429 1653 non
463 1616 639 1652 universa
667 1614 830 1660 Etruria,
861 1614 1008 1651 tantum
1037 1617 1135 1651 terra
1163 1615 1331 1663 marique
1359 1615 1436 1663 pol-

147 1666 281 1715 “lens
313 1677 424 1717 atque
454 1668 550 1704 inter
579 1667 655 1704 duo
685 1667 802 1703 maria
829 1667 1066 1703 latitudinem
1095 1666 1272 1704 obtinens
1302 1667 1434 1711 Italiae,

147 1719 283 1758 “bello
312 1721 416 1758 vobis
443 1732 509 1769 par
537 1726 606 1756 est.
672 1719 790 1758 Quod
814 1732 933 1777 quum
954 1720 1006 1756 ita
1025 1720 1087 1763 sit,
1116 1732 1198 1768 quae
1229 1718 1388 1768 (malum
1405 1718 1435 1770 l)

147 1771 279 1810 “ratio
308 1781 365 1810 est
397 1772 560 1822 expertis
593 1772 666 1809 alia
695 1771 869 1820 experiri,
898 1784 1015 1820 quum
1039 1772 1130 1821 jam,
1151 1779 1192 1808 ut
1211 1772 1327 1808 virtus
1355 1784 1436 1808 ves-

147 1825 241 1863 “tra
261 1826 420 1862 transire
441 1824 515 1862 alio
535 1825 665 1873 possit,
697 1824 847 1861 fortuna
879 1824 983 1860 certe
1013 1824 1087 1861 loci
1113 1824 1224 1873 hujus
1243 1823 1480 1861 transferrisso

147 1877 262 1914 “non
299 1878 447 1926 possit?
521 1877 600 1913 Hic
637 1876 867 1925 Capitolium
896 1884 964 1921 est,
1002 1876 1065 1913 ubi
1093 1876 1282 1924 quondam
1312 1876 1435 1924 capite

147 1929 170 1951 “
187 1930 354 1966 humano
374 1930 528 1966 invento
546 1941 765 1976 responsum
786 1935 854 1973 est,
888 1940 933 1964 eo
952 1928 1035 1965 loco
1060 1935 1174 1976 caput
1192 1940 1317 1964 rerum
1337 1940 1437 1965 sum-

147 1983 361 2030 “mamque
390 1980 537 2030 imperii
580 1979 684 2017 fore:
731 1980 805 2022 hic,
848 1992 962 2027 quum
1003 1979 1186 2029 augurato
1214 1980 1436 2017 liberaretur

149 2036 173 2056 ‘⁶
189 2034 433 2083 Capitolium,
471 2032 655 2069 Juventas
690 2031 986 2079 Terminusque,
1020 2032 1184 2069 maximo
1203 2032 1343 2082 gaudio
1373 2045 1436 2082 pa-

149 2089 285 2124 “trum
318 2093 542 2132 nostrorum,
571 2084 712 2121 moveri
741 2096 780 2120 se
800 2096 875 2120 non
905 2084 1030 2132 passi:
1074 2085 1137 2122 hic
1157 2085 1284 2122 Vestae
1313 2085 1481 2134 ignes‚³5

150 2139 250 2176 “hio
279 2138 420 2175 ancilia
447 2138 543 2175 coelo
571 2136 746 2182 demissa,
777 2136 838 2173 hic
856 2148 988 2173 omnes
1016 2137 1164 2188 propitii
1193 2137 1436 2174 manentibus

149 2193 174 2214 “
189 2191 292 2228 vobis
312 2191 416 2228 Dii.”

203 2296 286 2334 LV.
334 2295 499 2333 Movisse
519 2308 584 2332 eos
603 2294 788 2332 Camillus
822 2306 938 2342 quum
969 2294 1040 2331 alia
1067 2294 1250 2342 oratione,
1269 2302 1349 2332 turn
1377 2296 1436 2342 ea,

150 2361 234 2399 quae
254 2348 300 2385 ad
321 2348 523 2397 religiones
542 2347 770 2396 pertinebat,
796 2346 957 2382 maxime
978 2347 1116 2384 dicitur
1135 2360 1143 2383 ε
1186 2348 1251 2384 sed
1272 2360 1350 2384 rem
1371 2347 1438 2383 du-

152 2402 254 2439 biam
275 2401 441 2437 decrevit
460 2412 529 2436 vox
548 2407 754 2448 opportuna
784 2399 945 2443 emissa;
991 2400 1104 2448 quod,
1136 2412 1251 2448 quum
1284 2406 1436 2436 senatus
1449 2405 1481 2430 40

152 2453 233 2504 pust
253 2452 363 2502 paulo
383 2453 429 2489 de
451 2452 508 2488 his
527 2452 640 2488 rebus
670 2452 707 2488 in
742 2451 844 2488 curia
877 2451 1038 2488 Hostilia
1072 2453 1286 2498 haberetur,
1306 2452 1437 2488 cohor-

153 2514 297 2556 tesque,
318 2519 363 2542 ex
382 2504 566 2555 praesidiis
595 2512 842 2551 revertenteS,
865 2504 956 2541 sorte
986 2505 1136 2553 agmine
1165 2504 1282 2541 sorum
1304 2504 1437 2540 transi-
