<?xml version="1.0" encoding="UTF-8"?>
<!DOCTYPE html PUBLIC "-//W3C//DTD XHTML 1.0 Transitional//EN"
    "http://www.w3.org/TR/xhtml1/DTD/xhtml1-transitional.dtd">
<html xmlns="http://www.w3.org/1999/xhtml" xml:lang="en" lang="en">
 <head>
  <title>
</title>
<meta http-equiv="Content-Type" content="text/html;charset=utf-8" />
  <meta name='ocr-system' content='tesseract 3.04.00' />
  <meta name='ocr-capabilities' content='ocr_page ocr_carea ocr_par ocr_line ocrx_word'/>
</head>
<body>
  <div class='ocr_page' id='page_1' title='image "./historiarumliber00livyuoft_0251.png"; bbox 0 0 1617 2765; ppageno 0'>
   <div class='ocr_carea' id='block_1_1' title="bbox 152 1712 186 1995">
    <p class='ocr_par' dir='ltr' id='par_1_1' title="bbox 152 1712 186 1995">
     <span class='ocr_line' id='line_1_1' title="bbox 152 1712 186 1732; baseline 0 0"><span class='ocrx_word' id='word_1_1' title='bbox 152 1712 186 1732; x_wconf 56' lang='lat' dir='ltr'><strong>&#39;T&#39;</strong></span> 
     </span>
     <span class='ocr_line' id='line_1_2' title="bbox 153 1767 178 1802; baseline 0 0"><span class='ocrx_word' id='word_1_2' title='bbox 153 1767 178 1802; x_wconf 58' lang='grc' dir='ltr'><strong>ΟΞ</strong></span> 
     </span>
     <span class='ocr_line' id='line_1_3' title="bbox 160 1807 178 1822; baseline 0 0"><span class='ocrx_word' id='word_1_3' title='bbox 160 1807 178 1822; x_wconf 78' lang='grc' dir='ltr'>υ</span> 
     </span>
     <span class='ocr_line' id='line_1_4' title="bbox 161 1837 178 1864; baseline 0 -4"><span class='ocrx_word' id='word_1_4' title='bbox 161 1837 178 1864; x_wconf 60' lang='grc' dir='ltr'>ἑ</span> 
     </span>
     <span class='ocr_line' id='line_1_5' title="bbox 153 1899 178 1956; baseline 0 0"><span class='ocrx_word' id='word_1_5' title='bbox 153 1899 178 1956; x_wconf 60' lang='grc' dir='ltr'>Ξ</span> 
     </span>
     <span class='ocr_line' id='line_1_6' title="bbox 160 1968 177 1995; baseline 0 0"><span class='ocrx_word' id='word_1_6' title='bbox 160 1968 177 1995; x_wconf 64' lang='grc' dir='ltr'><strong>υ·</strong></span> 
     </span>
    </p>
   </div>
   <div class='ocr_carea' id='block_1_2' title="bbox 153 2009 187 2051">
    <p class='ocr_par' dir='ltr' id='par_1_2' title="bbox 153 2009 187 2051">
     <span class='ocr_line' id='line_1_7' title="bbox 153 2009 187 2051; baseline 0 0"><span class='ocrx_word' id='word_1_7' title='bbox 153 2009 187 2051; x_wconf 70' lang='grc' dir='ltr'>Ξ</span> 
     </span>
    </p>
   </div>
   <div class='ocr_carea' id='block_1_3' title="bbox 601 491 1067 530">
    <p class='ocr_par' dir='ltr' id='par_1_3' title="bbox 601 491 1067 530">
     <span class='ocr_line' id='line_1_8' title="bbox 601 491 1067 530; baseline 0.004 -3"><span class='ocrx_word' id='word_1_8' title='bbox 601 491 750 528; x_wconf 89' lang='lat' dir='ltr'>LIBRI</span> <span class='ocrx_word' id='word_1_9' title='bbox 779 492 1067 530; x_wconf 86' lang='lat' dir='ltr'><strong>TRICESIMI</strong></span> 
     </span>
    </p>
   </div>
   <div class='ocr_carea' id='block_1_4' title="bbox 617 616 1044 648">
    <p class='ocr_par' dir='ltr' id='par_1_4' title="bbox 617 616 1044 648">
     <span class='ocr_line' id='line_1_9' title="bbox 617 616 1044 648; baseline 0.005 -2"><span class='ocrx_word' id='word_1_10' title='bbox 617 616 711 647; x_wconf 80' lang='lat' dir='ltr'>CAP.</span> <span class='ocrx_word' id='word_1_11' title='bbox 735 617 852 648; x_wconf 90' lang='lat' dir='ltr'><strong>XXIX</strong></span> <span class='ocrx_word' id='word_1_12' title='bbox 864 635 904 641; x_wconf 92' lang='grc'>-</span> <span class='ocrx_word' id='word_1_13' title='bbox 919 617 1044 648; x_wconf 89' lang='lat' dir='ltr'><strong>XLIII.</strong></span> 
     </span>
    </p>
   </div>
   <div class='ocr_carea' id='block_1_5' title="bbox 581 858 1089 880">
    <p class='ocr_par' dir='ltr' id='par_1_5' title="bbox 581 858 1089 880">
     <span class='ocr_line' id='line_1_10' title="bbox 581 858 1089 880; baseline 0 -1"><span class='ocrx_word' id='word_1_14' title='bbox 581 858 745 880; x_wconf 72' lang='lat' dir='ltr'><strong>EPi&#39;rOME</strong></span> <span class='ocrx_word' id='word_1_15' title='bbox 763 859 865 879; x_wconf 78' lang='lat' dir='ltr'><strong>LIBRI</strong></span> <span class='ocrx_word' id='word_1_16' title='bbox 882 858 1089 880; x_wconf 69' lang='lat' dir='ltr'><strong>ancsssnul.</strong></span> 
     </span>
    </p>
   </div>
   <div class='ocr_carea' id='block_1_6' title="bbox 197 939 1475 1199">
    <p class='ocr_par' dir='ltr' id='par_1_6' title="bbox 197 939 1475 1199">
     <span class='ocr_line' id='line_1_11' title="bbox 232 939 1475 974; baseline 0.003 -10"><span class='ocrx_word' id='word_1_17' title='bbox 232 939 266 964; x_wconf 71' lang='grc' dir='ltr'><strong>ΙΝ</strong></span> <span class='ocrx_word' id='word_1_18' title='bbox 280 939 373 964; x_wconf 76' lang='lat' dir='ltr'><strong>Africa</strong></span> <span class='ocrx_word' id='word_1_19' title='bbox 391 940 483 972; x_wconf 86' lang='lat' dir='ltr'><strong>Scipio</strong></span> <span class='ocrx_word' id='word_1_20' title='bbox 499 940 734 972; x_wconf 75' lang='lat' dir='ltr'>Carthaginienses</span> <span class='ocrx_word' id='word_1_21' title='bbox 752 945 779 966; x_wconf 84' lang='lat' dir='ltr'><strong>et</strong></span> <span class='ocrx_word' id='word_1_22' title='bbox 798 941 919 966; x_wconf 87' lang='lat' dir='ltr'><strong>eumdem</strong></span> <span class='ocrx_word' id='word_1_23' title='bbox 938 941 1089 973; x_wconf 77' lang='lat' dir='ltr'>Syphacem</span> <span class='ocrx_word' id='word_1_24' title='bbox 1108 941 1284 967; x_wconf 80' lang='lat' dir='ltr'><strong>Numidarum</strong></span> <span class='ocrx_word' id='word_1_25' title='bbox 1298 950 1387 974; x_wconf 83' lang='lat' dir='ltr'><strong>regem</strong></span> <span class='ocrx_word' id='word_1_26' title='bbox 1407 942 1475 968; x_wconf 78' lang='lat' dir='ltr'><strong>Has-</strong></span> 
     </span>
     <span class='ocr_line' id='line_1_12' title="bbox 197 971 1475 1005; baseline 0.003 -10"><span class='ocrx_word' id='word_1_27' title='bbox 197 971 398 1003; x_wconf 75' lang='lat' dir='ltr'><strong>drubalemque,</strong></span> <span class='ocrx_word' id='word_1_28' title='bbox 410 972 528 1003; x_wconf 84' lang='lat' dir='ltr'><strong>pluribus</strong></span> <span class='ocrx_word' id='word_1_29' title='bbox 541 973 638 1003; x_wconf 71' lang='lat' dir='ltr'><strong>proeliis</strong></span> <span class='ocrx_word' id='word_1_30' title='bbox 650 973 726 1002; x_wconf 89' lang='lat' dir='ltr'><strong>vicit,</strong></span> <span class='ocrx_word' id='word_1_31' title='bbox 739 974 882 1005; x_wconf 73' lang='lat' dir='ltr'><strong>adjuvante</strong></span> <span class='ocrx_word' id='word_1_32' title='bbox 897 973 1040 998; x_wconf 76' lang='lat' dir='ltr'><strong>Masinissa</strong></span> <span class='ocrx_word' id='word_1_33' title='bbox 1051 981 1059 1005; x_wconf 90' lang='lat'><strong>·‚</strong></span> <span class='ocrx_word' id='word_1_34' title='bbox 1071 973 1185 998; x_wconf 72' lang='lat' dir='ltr'><strong>binaeue</strong></span> <span class='ocrx_word' id='word_1_35' title='bbox 1199 974 1315 999; x_wconf 85' lang='lat' dir='ltr'><strong>hostium</strong></span> <span class='ocrx_word' id='word_1_36' title='bbox 1329 978 1416 999; x_wconf 72' lang='lat' dir='ltr'><strong>castra</strong></span> <span class='ocrx_word' id='word_1_37' title='bbox 1429 983 1475 999; x_wconf 81' lang='lat' dir='ltr'><strong>ex-</strong></span> 
     </span>
     <span class='ocr_line' id='line_1_13' title="bbox 197 1003 1475 1038; baseline 0.003 -11"><span class='ocrx_word' id='word_1_38' title='bbox 197 1003 342 1035; x_wconf 82' lang='lat' dir='ltr'><strong>pugnavit3</strong></span> <span class='ocrx_word' id='word_1_39' title='bbox 361 1004 387 1028; x_wconf 91' lang='lat' dir='ltr'><strong>in</strong></span> <span class='ocrx_word' id='word_1_40' title='bbox 400 1004 494 1036; x_wconf 82' lang='lat' dir='ltr'><strong>quibus</strong></span> <span class='ocrx_word' id='word_1_41' title='bbox 506 1005 681 1036; x_wconf 83' lang='lat' dir='ltr'><strong>quadraginta</strong></span> <span class='ocrx_word' id='word_1_42' title='bbox 694 1004 779 1029; x_wconf 83' lang='lat' dir='ltr'><strong>millia</strong></span> <span class='ocrx_word' id='word_1_43' title='bbox 792 1005 926 1029; x_wconf 85' lang='lat' dir='ltr'><strong>hominum</strong></span> <span class='ocrx_word' id='word_1_44' title='bbox 940 1005 1009 1030; x_wconf 82' lang='lat' dir='ltr'><strong>ferro</strong></span> <span class='ocrx_word' id='word_1_45' title='bbox 1021 1005 1127 1036; x_wconf 81' lang='lat' dir='ltr'><strong>ignique</strong></span> <span class='ocrx_word' id='word_1_46' title='bbox 1140 1010 1298 1037; x_wconf 81' lang='lat' dir='ltr'><strong>consumpta.</strong></span> <span class='ocrx_word' id='word_1_47' title='bbox 1317 1011 1389 1031; x_wconf 82' lang='lat' dir='ltr'><strong>sunt.</strong></span> <span class='ocrx_word' id='word_1_48' title='bbox 1425 1008 1475 1038; x_wconf 80' lang='lat' dir='ltr'><strong>Sy-</strong></span> 
     </span>
     <span class='ocr_line' id='line_1_14' title="bbox 197 1035 1474 1070; baseline 0.003 -11"><span class='ocrx_word' id='word_1_49' title='bbox 197 1035 308 1066; x_wconf 84' lang='lat' dir='ltr'><strong>phacem</strong></span> <span class='ocrx_word' id='word_1_50' title='bbox 317 1043 362 1067; x_wconf 84' lang='lat' dir='ltr'><strong>per</strong></span> <span class='ocrx_word' id='word_1_51' title='bbox 370 1036 403 1060; x_wconf 86' lang='lat' dir='ltr'><strong>C.</strong></span> <span class='ocrx_word' id='word_1_52' title='bbox 412 1036 522 1061; x_wconf 67' lang='lat' dir='ltr'><strong>Laelium</strong></span> <span class='ocrx_word' id='word_1_53' title='bbox 532 1041 560 1061; x_wconf 90' lang='lat' dir='ltr'><strong>et</strong></span> <span class='ocrx_word' id='word_1_54' title='bbox 569 1037 740 1061; x_wconf 77' lang='lat' dir='ltr'><strong>Masinissam</strong></span> <span class='ocrx_word' id='word_1_55' title='bbox 747 1037 828 1068; x_wconf 86' lang='lat' dir='ltr'><strong>cepit.</strong></span> <span class='ocrx_word' id='word_1_56' title='bbox 849 1037 992 1061; x_wconf 78' lang='lat' dir='ltr'><strong>Masinissa</strong></span> <span class='ocrx_word' id='word_1_57' title='bbox 1001 1036 1205 1069; x_wconf 85' lang='lat' dir='ltr'><strong>Sophonisbam,</strong></span> <span class='ocrx_word' id='word_1_58' title='bbox 1212 1046 1324 1062; x_wconf 85' lang='lat' dir='ltr'><strong>uxorem</strong></span> <span class='ocrx_word' id='word_1_59' title='bbox 1334 1039 1474 1070; x_wconf 80' lang='lat' dir='ltr'><strong>Syphacis,</strong></span> 
     </span>
     <span class='ocr_line' id='line_1_15' title="bbox 198 1068 1475 1102; baseline 0.002 -10"><span class='ocrx_word' id='word_1_60' title='bbox 198 1068 280 1092; x_wconf 87' lang='lat' dir='ltr'><strong>filiam</strong></span> <span class='ocrx_word' id='word_1_61' title='bbox 293 1068 477 1100; x_wconf 75' lang='lat' dir='ltr'><strong>Hasdrubalis,</strong></span> <span class='ocrx_word' id='word_1_62' title='bbox 487 1073 593 1100; x_wconf 80' lang='lat' dir='ltr'><strong>captam</strong></span> <span class='ocrx_word' id='word_1_63' title='bbox 601 1069 693 1094; x_wconf 83' lang='lat' dir='ltr'><strong>statim</strong></span> <span class='ocrx_word' id='word_1_64' title='bbox 703 1069 847 1100; x_wconf 84' lang='lat' dir='ltr'><strong>adamavit,</strong></span> <span class='ocrx_word' id='word_1_65' title='bbox 855 1073 892 1100; x_wconf 84' lang='lat' dir='ltr'><strong>et,</strong></span> <span class='ocrx_word' id='word_1_66' title='bbox 905 1069 1006 1101; x_wconf 85' lang='lat' dir='ltr'><strong>nuptiis</strong></span> <span class='ocrx_word' id='word_1_67' title='bbox 1018 1069 1107 1101; x_wconf 83' lang='lat' dir='ltr'><strong>factis,</strong></span> <span class='ocrx_word' id='word_1_68' title='bbox 1117 1077 1226 1094; x_wconf 85' lang='lat' dir='ltr'><strong>uxorem</strong></span> <span class='ocrx_word' id='word_1_69' title='bbox 1236 1070 1346 1095; x_wconf 81' lang='lat' dir='ltr'><strong>habuit:</strong></span> <span class='ocrx_word' id='word_1_70' title='bbox 1362 1072 1475 1102; x_wconf 82' lang='lat' dir='ltr'><strong>castiga-</strong></span> 
     </span>
     <span class='ocr_line' id='line_1_16' title="bbox 198 1100 1474 1139; baseline 0.002 -14"><span class='ocrx_word' id='word_1_71' title='bbox 198 1103 241 1124; x_wconf 78' lang='lat' dir='ltr'><strong>tus</strong></span> <span class='ocrx_word' id='word_1_72' title='bbox 254 1107 270 1125; x_wconf 81' lang='lat' dir='ltr'><strong>a</strong></span> <span class='ocrx_word' id='word_1_73' title='bbox 287 1100 424 1132; x_wconf 88' lang='lat' dir='ltr'><strong>Scipione,</strong></span> <span class='ocrx_word' id='word_1_74' title='bbox 434 1108 563 1126; x_wconf 85' lang='lat' dir='ltr'><strong>venenum</strong></span> <span class='ocrx_word' id='word_1_75' title='bbox 580 1101 604 1126; x_wconf 92' lang='lat' dir='ltr'><strong>ei</strong></span> <span class='ocrx_word' id='word_1_76' title='bbox 621 1102 714 1133; x_wconf 79' lang='lat' dir='ltr'><strong>misit3</strong></span> <span class='ocrx_word' id='word_1_77' title='bbox 733 1110 783 1133; x_wconf 91' lang='lat' dir='ltr'><strong>quo</strong></span> <span class='ocrx_word' id='word_1_78' title='bbox 794 1102 947 1126; x_wconf 76' lang='lat' dir='ltr'><strong>haustoilla</strong></span> <span class='ocrx_word' id='word_1_79' title='bbox 962 1101 1086 1126; x_wconf 77' lang='lat' dir='ltr'><strong>decessit.</strong></span> <span class='ocrx_word' id='word_1_80' title='bbox 1123 1102 1307 1139; x_wconf 79' lang='lat' dir='ltr'><strong>Effectumque</strong></span> <span class='ocrx_word' id='word_1_81' title='bbox 1324 1106 1366 1128; x_wconf 84' lang='lat' dir='ltr'><strong>est</strong></span> <span class='ocrx_word' id='word_1_82' title='bbox 1384 1104 1474 1128; x_wconf 84' lang='lat' dir='ltr'><strong>multis</strong></span> 
     </span>
     <span class='ocr_line' id='line_1_17' title="bbox 199 1132 1475 1166; baseline 0.002 -9"><span class='ocrx_word' id='word_1_83' title='bbox 199 1132 332 1164; x_wconf 77' lang='lat' dir='ltr'><strong>Scipionis</strong></span> <span class='ocrx_word' id='word_1_84' title='bbox 344 1133 474 1164; x_wconf 87' lang='lat' dir='ltr'><strong>victoriis,</strong></span> <span class='ocrx_word' id='word_1_85' title='bbox 487 1137 517 1158; x_wconf 89' lang='lat' dir='ltr'><strong>ut</strong></span> <span class='ocrx_word' id='word_1_86' title='bbox 533 1134 778 1166; x_wconf 65' lang='lat' dir='ltr'><strong>Carthaginienses,</strong></span> <span class='ocrx_word' id='word_1_87' title='bbox 797 1134 824 1158; x_wconf 91' lang='lat' dir='ltr'><strong>in</strong></span> <span class='ocrx_word' id='word_1_88' title='bbox 844 1134 1051 1164; x_wconf 79' lang='lat' dir='ltr'><strong>desperationem</strong></span> <span class='ocrx_word' id='word_1_89' title='bbox 1070 1133 1135 1165; x_wconf 80' lang='lat' dir='ltr'><strong>acti,</strong></span> <span class='ocrx_word' id='word_1_90' title='bbox 1159 1134 1186 1158; x_wconf 91' lang='lat' dir='ltr'><strong>in</strong></span> <span class='ocrx_word' id='word_1_91' title='bbox 1211 1135 1342 1159; x_wconf 78' lang='lat' dir='ltr'><strong>auxilium</strong></span> <span class='ocrx_word' id='word_1_92' title='bbox 1362 1135 1475 1165; x_wconf 77' lang='lat' dir='ltr'><strong>publicae</strong></span> 
     </span>
     <span class='ocr_line' id='line_1_18' title="bbox 198 1165 1474 1199; baseline 0.002 -10"><span class='ocrx_word' id='word_1_93' title='bbox 198 1165 295 1189; x_wconf 84' lang='lat' dir='ltr'><strong>salutis</strong></span> <span class='ocrx_word' id='word_1_94' title='bbox 310 1165 486 1190; x_wconf 77' lang='lat' dir='ltr'><strong>Hannibalem</strong></span> <span class='ocrx_word' id='word_1_95' title='bbox 499 1173 533 1190; x_wconf 87' lang='lat' dir='ltr'><strong>ex</strong></span> <span class='ocrx_word' id='word_1_96' title='bbox 552 1166 633 1190; x_wconf 62' lang='lat' dir='ltr'><strong>Italia</strong></span> <span class='ocrx_word' id='word_1_97' title='bbox 652 1170 825 1191; x_wconf 78' lang='lat' dir='ltr'><strong>revocarent:</strong></span> <span class='ocrx_word' id='word_1_98' title='bbox 852 1166 936 1198; x_wconf 79' lang='lat' dir='ltr'><strong>isque,</strong></span> <span class='ocrx_word' id='word_1_99' title='bbox 957 1174 1026 1191; x_wconf 82' lang='lat' dir='ltr'><strong>anno</strong></span> <span class='ocrx_word' id='word_1_100' title='bbox 1038 1166 1220 1190; x_wconf 74' lang='lat' dir='ltr'><strong>decimosexto</strong></span> <span class='ocrx_word' id='word_1_101' title='bbox 1234 1167 1316 1191; x_wconf 75' lang='lat' dir='ltr'><strong>Italia</strong></span> <span class='ocrx_word' id='word_1_102' title='bbox 1333 1167 1474 1199; x_wconf 82' lang='lat' dir='ltr'><strong>decedens,</strong></span> 
     </span>
    </p>
   </div>
   <div class='ocr_carea' id='block_1_7' title="bbox 198 1198 1473 1362">
    <p class='ocr_par' dir='ltr' id='par_1_7' title="bbox 198 1198 1473 1362">
     <span class='ocr_line' id='line_1_19' title="bbox 199 1198 1473 1239; baseline 0.001 -11"><span class='ocrx_word' id='word_1_103' title='bbox 199 1207 275 1228; x_wconf 82' lang='lat' dir='ltr'><strong>xxx.</strong></span> <span class='ocrx_word' id='word_1_104' title='bbox 299 1198 337 1228; x_wconf 93' lang='lat' dir='ltr'><strong>In</strong></span> <span class='ocrx_word' id='word_1_105' title='bbox 353 1198 489 1228; x_wconf 85' lang='lat' dir='ltr'><strong>Africam</strong></span> <span class='ocrx_word' id='word_1_106' title='bbox 506 1199 637 1238; x_wconf 87' lang='lat' dir='ltr'><strong>trajecit,</strong></span> <span class='ocrx_word' id='word_1_107' title='bbox 654 1200 849 1237; x_wconf 81' lang='lat' dir='ltr'><strong>tentavitque</strong></span> <span class='ocrx_word' id='word_1_108' title='bbox 874 1209 930 1238; x_wconf 87' lang='lat' dir='ltr'><strong>per</strong></span> <span class='ocrx_word' id='word_1_109' title='bbox 956 1200 1145 1237; x_wconf 87' lang='lat' dir='ltr'><strong>colloquium</strong></span> <span class='ocrx_word' id='word_1_110' title='bbox 1163 1209 1274 1238; x_wconf 85' lang='lat' dir='ltr'><strong>pacem</strong></span> <span class='ocrx_word' id='word_1_111' title='bbox 1292 1209 1367 1229; x_wconf 89' lang='lat' dir='ltr'><strong>cum</strong></span> <span class='ocrx_word' id='word_1_112' title='bbox 1384 1200 1473 1239; x_wconf 86' lang='lat' dir='ltr'><strong>Scip-</strong></span> 
     </span>
     <span class='ocr_line' id='line_1_20' title="bbox 199 1239 1472 1279; baseline 0.002 -11"><span class='ocrx_word' id='word_1_113' title='bbox 199 1239 271 1269; x_wconf 89' lang='lat' dir='ltr'><strong>ione</strong></span> <span class='ocrx_word' id='word_1_114' title='bbox 288 1248 477 1278; x_wconf 90' lang='lat' dir='ltr'><strong>componere</strong></span> <span class='ocrx_word' id='word_1_115' title='bbox 491 1250 497 1270; x_wconf 93' lang='lat'><strong>:</strong></span> <span class='ocrx_word' id='word_1_116' title='bbox 521 1249 627 1269; x_wconf 83' lang='lat' dir='ltr'>xxxv.</span> <span class='ocrx_word' id='word_1_117' title='bbox 644 1240 697 1275; x_wconf 88' lang='lat' dir='ltr'><strong>Et,</strong></span> <span class='ocrx_word' id='word_1_118' title='bbox 709 1249 804 1278; x_wconf 89' lang='lat' dir='ltr'><strong>quum</strong></span> <span class='ocrx_word' id='word_1_119' title='bbox 819 1241 857 1270; x_wconf 89' lang='lat' dir='ltr'><strong>de</strong></span> <span class='ocrx_word' id='word_1_120' title='bbox 874 1240 1106 1270; x_wconf 80' lang='lat' dir='ltr'><strong>conditionibus</strong></span> <span class='ocrx_word' id='word_1_121' title='bbox 1123 1240 1208 1279; x_wconf 82' lang='lat' dir='ltr'><strong>pacis</strong></span> <span class='ocrx_word' id='word_1_122' title='bbox 1224 1250 1287 1270; x_wconf 90' lang='lat' dir='ltr'><strong>non</strong></span> <span class='ocrx_word' id='word_1_123' title='bbox 1304 1242 1472 1270; x_wconf 84' lang='lat' dir='ltr'><strong>convenis-</strong></span> 
     </span>
     <span class='ocr_line' id='line_1_21' title="bbox 198 1281 1472 1321; baseline 0.001 -11"><span class='ocrx_word' id='word_1_124' title='bbox 198 1284 258 1315; x_wconf 85' lang='lat' dir='ltr'><strong>set,</strong></span> <span class='ocrx_word' id='word_1_125' title='bbox 274 1281 342 1310; x_wconf 87' lang='lat' dir='ltr'><strong>acie</strong></span> <span class='ocrx_word' id='word_1_126' title='bbox 358 1281 461 1310; x_wconf 85' lang='lat' dir='ltr'><strong>victus</strong></span> <span class='ocrx_word' id='word_1_127' title='bbox 477 1284 536 1311; x_wconf 89' lang='lat' dir='ltr'><strong>est.</strong></span> <span class='ocrx_word' id='word_1_128' title='bbox 574 1290 709 1311; x_wconf 79' lang='lat' dir='ltr'><strong>xxxvrr.</strong></span> <span class='ocrx_word' id='word_1_129' title='bbox 728 1281 795 1311; x_wconf 88' lang='lat' dir='ltr'><strong>Pax</strong></span> <span class='ocrx_word' id='word_1_130' title='bbox 809 1281 1119 1321; x_wconf 84' lang='lat' dir='ltr'><strong>Carthaginiensibus</strong></span> <span class='ocrx_word' id='word_1_131' title='bbox 1135 1281 1206 1311; x_wconf 88' lang='lat' dir='ltr'><strong>data</strong></span> <span class='ocrx_word' id='word_1_132' title='bbox 1221 1285 1270 1311; x_wconf 87' lang='lat' dir='ltr'><strong>est</strong></span> <span class='ocrx_word' id='word_1_133' title='bbox 1280 1282 1472 1320; x_wconf 88' lang='lat' dir='ltr'><strong>petentibus.</strong></span> 
     </span>
     <span class='ocr_line' id='line_1_22' title="bbox 198 1319 1472 1362; baseline 0.001 -11"><span class='ocrx_word' id='word_1_134' title='bbox 198 1321 358 1351; x_wconf 87' lang='lat' dir='ltr'><strong>Hannibal</strong></span> <span class='ocrx_word' id='word_1_135' title='bbox 372 1321 557 1362; x_wconf 84' lang='lat' dir='ltr'><strong>Gisgonem,</strong></span> <span class='ocrx_word' id='word_1_136' title='bbox 570 1332 681 1361; x_wconf 87' lang='lat' dir='ltr'><strong>pacem</strong></span> <span class='ocrx_word' id='word_1_137' title='bbox 697 1323 943 1358; x_wconf 87' lang='lat' dir='ltr'><strong>dissuadentem,</strong></span> <span class='ocrx_word' id='word_1_138' title='bbox 960 1332 1054 1352; x_wconf 87' lang='lat' dir='ltr'><strong>manu</strong></span> <span class='ocrx_word' id='word_1_139' title='bbox 1071 1319 1131 1352; x_wconf 66' lang='lat' dir='ltr'><strong>sua</strong></span> <span class='ocrx_word' id='word_1_140' title='bbox 1146 1322 1281 1353; x_wconf 80' lang='lat' dir='ltr'><strong>detraxit</strong></span> <span class='ocrx_word' id='word_1_141' title='bbox 1295 1332 1302 1360; x_wconf 85' lang='lat'>3</span> <span class='ocrx_word' id='word_1_142' title='bbox 1338 1332 1472 1353; x_wconf 82' lang='lat' dir='ltr'><strong>excusa-</strong></span> 
     </span>
    </p>
   </div>
   <div class='ocr_carea' id='block_1_8' title="bbox 198 1359 1475 1402">
    <p class='ocr_par' dir='ltr' id='par_1_8' title="bbox 198 1359 1475 1402">
     <span class='ocr_line' id='line_1_23' title="bbox 198 1359 1475 1402; baseline -0.001 -10"><span class='ocrx_word' id='word_1_143' title='bbox 198 1359 232 1393; x_wconf 66' lang='lat' dir='ltr'><strong>ta</strong></span> <span class='ocrx_word' id='word_1_144' title='bbox 247 1363 361 1393; x_wconf 88' lang='lat' dir='ltr'><strong>deinde</strong></span> <span class='ocrx_word' id='word_1_145' title='bbox 377 1364 552 1393; x_wconf 83' lang='lat' dir='ltr'><strong>temeritate</strong></span> <span class='ocrx_word' id='word_1_146' title='bbox 569 1364 653 1399; x_wconf 82' lang='lat' dir='ltr'><strong>sacti,</strong></span> <span class='ocrx_word' id='word_1_147' title='bbox 669 1364 736 1402; x_wconf 84' lang='lat' dir='ltr'><strong>ipse</strong></span> <span class='ocrx_word' id='word_1_148' title='bbox 753 1373 863 1402; x_wconf 83' lang='lat' dir='ltr'><strong>pacem</strong></span> <span class='ocrx_word' id='word_1_149' title='bbox 880 1364 987 1393; x_wconf 85' lang='lat' dir='ltr'><strong>suasit.</strong></span> <span class='ocrx_word' id='word_1_150' title='bbox 1033 1367 1126 1399; x_wconf 80' lang='lat' dir='ltr'><strong>Mago,</strong></span> <span class='ocrx_word' id='word_1_151' title='bbox 1139 1367 1184 1399; x_wconf 88' lang='lat' dir='ltr'><strong>qui</strong></span> <span class='ocrx_word' id='word_1_152' title='bbox 1197 1367 1268 1392; x_wconf 83' lang='lat' dir='ltr'><strong>beno</strong></span> <span class='ocrx_word' id='word_1_153' title='bbox 1280 1367 1306 1392; x_wconf 86' lang='lat' dir='ltr'><strong>in</strong></span> <span class='ocrx_word' id='word_1_154' title='bbox 1319 1374 1384 1399; x_wconf 75' lang='lat' dir='ltr'><strong>agro</strong></span> <span class='ocrx_word' id='word_1_155' title='bbox 1396 1367 1475 1392; x_wconf 79' lang='lat' dir='ltr'><strong>lusu-</strong></span> 
     </span>
    </p>
   </div>
   <div class='ocr_carea' id='block_1_9' title="bbox 197 1403 1475 1598">
    <p class='ocr_par' dir='ltr' id='par_1_9' title="bbox 197 1403 1475 1598">
     <span class='ocr_line' id='line_1_24' title="bbox 198 1403 1474 1437; baseline 0.001 -9"><span class='ocrx_word' id='word_1_156' title='bbox 198 1403 283 1428; x_wconf 91' lang='lat' dir='ltr'><strong>brium</strong></span> <span class='ocrx_word' id='word_1_157' title='bbox 293 1411 354 1428; x_wconf 87' lang='lat' dir='ltr'><strong>cum</strong></span> <span class='ocrx_word' id='word_1_158' title='bbox 366 1403 494 1428; x_wconf 77' lang='lat' dir='ltr'><strong>Romanis</strong></span> <span class='ocrx_word' id='word_1_159' title='bbox 512 1404 678 1434; x_wconf 82' lang='lat' dir='ltr'><strong>conflixerat,</strong></span> <span class='ocrx_word' id='word_1_160' title='bbox 697 1404 864 1435; x_wconf 83' lang='lat' dir='ltr'><strong>vulneratus,</strong></span> <span class='ocrx_word' id='word_1_161' title='bbox 882 1404 943 1428; x_wconf 88' lang='lat' dir='ltr'><strong>dnm</strong></span> <span class='ocrx_word' id='word_1_162' title='bbox 961 1404 988 1428; x_wconf 93' lang='lat' dir='ltr'><strong>in</strong></span> <span class='ocrx_word' id='word_1_163' title='bbox 1007 1404 1127 1429; x_wconf 78' lang='lat' dir='ltr'><strong>Africam</strong></span> <span class='ocrx_word' id='word_1_164' title='bbox 1145 1412 1192 1436; x_wconf 87' lang='lat' dir='ltr'><strong>per</strong></span> <span class='ocrx_word' id='word_1_165' title='bbox 1210 1404 1314 1437; x_wconf 79' lang='lat' dir='ltr'><strong>legatos</strong></span> <span class='ocrx_word' id='word_1_166' title='bbox 1333 1407 1474 1429; x_wconf 80' lang='lat' dir='ltr'><strong>revocatus</strong></span> 
     </span>
     <span class='ocr_line' id='line_1_25' title="bbox 197 1436 1474 1468; baseline 0.001 -8"><span class='ocrx_word' id='word_1_167' title='bbox 197 1436 348 1467; x_wconf 84' lang='lat' dir='ltr'><strong>revertitur,</strong></span> <span class='ocrx_word' id='word_1_168' title='bbox 367 1443 401 1460; x_wconf 88' lang='lat' dir='ltr'><strong>ex</strong></span> <span class='ocrx_word' id='word_1_169' title='bbox 413 1436 523 1460; x_wconf 83' lang='lat' dir='ltr'><strong>vulnere</strong></span> <span class='ocrx_word' id='word_1_170' title='bbox 536 1440 654 1461; x_wconf 83' lang='lat' dir='ltr'><strong>mortuus</strong></span> <span class='ocrx_word' id='word_1_171' title='bbox 672 1440 723 1461; x_wconf 85' lang='lat' dir='ltr'><strong>est.</strong></span> <span class='ocrx_word' id='word_1_172' title='bbox 761 1436 909 1461; x_wconf 74' lang='lat' dir='ltr'><strong>Masinissae</strong></span> <span class='ocrx_word' id='word_1_173' title='bbox 925 1444 1032 1468; x_wconf 84' lang='lat' dir='ltr'><strong>regnum</strong></span> <span class='ocrx_word' id='word_1_174' title='bbox 1045 1436 1200 1461; x_wconf 86' lang='lat' dir='ltr'><strong>restitutum</strong></span> <span class='ocrx_word' id='word_1_175' title='bbox 1212 1440 1264 1461; x_wconf 82' lang='lat' dir='ltr'><strong>est.</strong></span> <span class='ocrx_word' id='word_1_176' title='bbox 1300 1437 1433 1461; x_wconf 81' lang='lat' dir='ltr'><strong>Reversus</strong></span> <span class='ocrx_word' id='word_1_177' title='bbox 1445 1436 1474 1461; x_wconf 87' lang='lat' dir='ltr'><strong>iu</strong></span> 
     </span>
     <span class='ocr_line' id='line_1_26' title="bbox 198 1466 1475 1500; baseline 0.001 -8"><span class='ocrx_word' id='word_1_178' title='bbox 198 1466 298 1492; x_wconf 80' lang='lat' dir='ltr'><strong>Urbem</strong></span> <span class='ocrx_word' id='word_1_179' title='bbox 311 1467 403 1499; x_wconf 86' lang='lat' dir='ltr'><strong>Scipio</strong></span> <span class='ocrx_word' id='word_1_180' title='bbox 415 1468 607 1499; x_wconf 79' lang='lat' dir='ltr'><strong>amplissimum</strong></span> <span class='ocrx_word' id='word_1_181' title='bbox 616 1468 861 1500; x_wconf 83' lang='lat' dir='ltr'><strong>nobilissimumque</strong></span> <span class='ocrx_word' id='word_1_182' title='bbox 869 1469 925 1500; x_wconf 86' lang='lat' dir='ltr'><strong>egit</strong></span> <span class='ocrx_word' id='word_1_183' title='bbox 936 1469 1110 1500; x_wconf 84' lang='lat' dir='ltr'><strong>triumphum,</strong></span> <span class='ocrx_word' id='word_1_184' title='bbox 1119 1477 1196 1500; x_wconf 88' lang='lat' dir='ltr'><strong>quem</strong></span> <span class='ocrx_word' id='word_1_185' title='bbox 1210 1468 1246 1495; x_wconf 76' lang='lat' dir='ltr'><strong>Q.</strong></span> <span class='ocrx_word' id='word_1_186' title='bbox 1256 1467 1399 1493; x_wconf 81' lang='lat' dir='ltr'><strong>Terentius</strong></span> <span class='ocrx_word' id='word_1_187' title='bbox 1410 1468 1475 1493; x_wconf 67' lang='lat' dir='ltr'><strong>Cui&lt;</strong></span> 
     </span>
     <span class='ocr_line' id='line_1_27' title="bbox 198 1499 1474 1532; baseline 0.001 -8"><span class='ocrx_word' id='word_1_188' title='bbox 198 1499 241 1525; x_wconf 83' lang='lat' dir='ltr'><strong>leo</strong></span> <span class='ocrx_word' id='word_1_189' title='bbox 251 1503 361 1524; x_wconf 75' lang='lat' dir='ltr'><strong>senator</strong></span> <span class='ocrx_word' id='word_1_190' title='bbox 372 1500 487 1531; x_wconf 82' lang='lat' dir='ltr'><strong>pileatus</strong></span> <span class='ocrx_word' id='word_1_191' title='bbox 500 1504 605 1525; x_wconf 83' lang='lat' dir='ltr'><strong>secutus</strong></span> <span class='ocrx_word' id='word_1_192' title='bbox 617 1505 667 1525; x_wconf 82' lang='lat' dir='ltr'><strong>est.</strong></span> <span class='ocrx_word' id='word_1_193' title='bbox 703 1501 794 1531; x_wconf 82' lang='lat' dir='ltr'><strong>Scipio</strong></span> <span class='ocrx_word' id='word_1_194' title='bbox 807 1501 950 1526; x_wconf 78' lang='lat' dir='ltr'><strong>Africanus</strong></span> <span class='ocrx_word' id='word_1_195' title='bbox 964 1501 1106 1531; x_wconf 84' lang='lat' dir='ltr'><strong>(incertum</strong></span> <span class='ocrx_word' id='word_1_196' title='bbox 1119 1501 1228 1525; x_wconf 82' lang='lat' dir='ltr'><strong>militari</strong></span> <span class='ocrx_word' id='word_1_197' title='bbox 1240 1500 1315 1532; x_wconf 76' lang='lat' dir='ltr'><strong>prius</strong></span> <span class='ocrx_word' id='word_1_198' title='bbox 1328 1501 1426 1532; x_wconf 78' lang='lat' dir='ltr'><strong>favore,</strong></span> <span class='ocrx_word' id='word_1_199' title='bbox 1439 1507 1474 1525; x_wconf 82' lang='lat' dir='ltr'><strong>an</strong></span> 
     </span>
     <span class='ocr_line' id='line_1_28' title="bbox 197 1532 1474 1565; baseline 0 -8"><span class='ocrx_word' id='word_1_200' title='bbox 197 1532 318 1563; x_wconf 83' lang='lat' dir='ltr'><strong>populari</strong></span> <span class='ocrx_word' id='word_1_201' title='bbox 331 1533 396 1557; x_wconf 66' lang='lat' dir='ltr'><strong>aura</strong></span> <span class='ocrx_word' id='word_1_202' title='bbox 407 1532 446 1557; x_wconf 81' lang='lat' dir='ltr'><strong>ita</strong></span> <span class='ocrx_word' id='word_1_203' title='bbox 458 1532 672 1565; x_wconf 79' lang='lat' dir='ltr'><strong>cognominatus)</strong></span> <span class='ocrx_word' id='word_1_204' title='bbox 686 1533 785 1565; x_wconf 89' lang='lat' dir='ltr'><strong>primus</strong></span> <span class='ocrx_word' id='word_1_205' title='bbox 797 1534 868 1558; x_wconf 78' lang='lat' dir='ltr'><strong>certe</strong></span> <span class='ocrx_word' id='word_1_206' title='bbox 880 1533 924 1558; x_wconf 93' lang='lat' dir='ltr'><strong>hic</strong></span> <span class='ocrx_word' id='word_1_207' title='bbox 937 1533 1079 1565; x_wconf 85' lang='lat' dir='ltr'><strong>imperator</strong></span> <span class='ocrx_word' id='word_1_208' title='bbox 1099 1532 1176 1558; x_wconf 77' lang='lat' dir='ltr'><strong>victoe</strong></span> <span class='ocrx_word' id='word_1_209' title='bbox 1195 1541 1212 1557; x_wconf 80' lang='lat' dir='ltr'><strong>a</strong></span> <span class='ocrx_word' id='word_1_210' title='bbox 1228 1541 1257 1558; x_wconf 72' lang='lat' dir='ltr'><strong>se</strong></span> <span class='ocrx_word' id='word_1_211' title='bbox 1269 1532 1374 1558; x_wconf 81' lang='lat' dir='ltr'><strong>nomine</strong></span> <span class='ocrx_word' id='word_1_212' title='bbox 1387 1532 1474 1565; x_wconf 81' lang='lat' dir='ltr'><strong>gentis</strong></span> 
     </span>
     <span class='ocr_line' id='line_1_29' title="bbox 198 1565 1237 1598; baseline 0 -9"><span class='ocrx_word' id='word_1_213' title='bbox 198 1565 354 1590; x_wconf 75' lang='lat' dir='ltr'><strong>nobilitatus</strong></span> <span class='ocrx_word' id='word_1_214' title='bbox 366 1568 418 1590; x_wconf 84' lang='lat' dir='ltr'><strong>est.</strong></span> <span class='ocrx_word' id='word_1_215' title='bbox 455 1565 534 1598; x_wconf 68' lang='lat' dir='ltr'><strong>[Cn.</strong></span> <span class='ocrx_word' id='word_1_216' title='bbox 549 1573 558 1590; x_wconf 87' lang='lat'>1</span> <span class='ocrx_word' id='word_1_217' title='bbox 569 1572 678 1590; x_wconf 60' lang='lat' dir='ltr'><strong>—xuu</strong></span> <span class='ocrx_word' id='word_1_218' title='bbox 714 1572 742 1590; x_wconf 78' lang='lat' dir='ltr'><strong>v.</strong></span> <span class='ocrx_word' id='word_1_219' title='bbox 757 1573 784 1589; x_wconf 92' lang='lat' dir='ltr'><strong>c.</strong></span> <span class='ocrx_word' id='word_1_220' title='bbox 797 1565 847 1590; x_wconf 81' lang='lat'><strong>549</strong></span> <span class='ocrx_word' id='word_1_221' title='bbox 857 1566 954 1590; x_wconf 86' lang='lat'>—551.</span> <span class='ocrx_word' id='word_1_222' title='bbox 990 1574 1018 1590; x_wconf 76' lang='lat' dir='ltr'><strong>A.</strong></span> <span class='ocrx_word' id='word_1_223' title='bbox 1031 1573 1058 1591; x_wconf 88' lang='lat' dir='ltr'><strong>c.</strong></span> <span class='ocrx_word' id='word_1_224' title='bbox 1068 1565 1237 1598; x_wconf 55' lang='lat' dir='ltr'><strong>eoa—201]</strong></span> 
     </span>
    </p>
   </div>
   <div class='ocr_carea' id='block_1_10' title="bbox 197 1702 1474 2167">
    <p class='ocr_par' dir='ltr' id='par_1_10' title="bbox 197 1702 1474 2167">
     <span class='ocr_line' id='line_1_30' title="bbox 250 1702 1473 1750; baseline 0.001 -11"><span class='ocrx_word' id='word_1_225' title='bbox 250 1702 406 1740; x_wconf 90' lang='lat' dir='ltr'><strong>XXIX.</strong></span> <span class='ocrx_word' id='word_1_226' title='bbox 448 1703 534 1740; x_wconf 87' lang='lat' dir='ltr'><strong>Jam</strong></span> <span class='ocrx_word' id='word_1_227' title='bbox 564 1704 814 1741; x_wconf 90' lang='lat' dir='ltr'><strong>Adrumetum</strong></span> <span class='ocrx_word' id='word_1_228' title='bbox 843 1711 996 1741; x_wconf 84' lang='lat' dir='ltr'><strong>venerat</strong></span> <span class='ocrx_word' id='word_1_229' title='bbox 1015 1704 1207 1741; x_wconf 85' lang='lat' dir='ltr'><strong>Hannibal</strong></span> <span class='ocrx_word' id='word_1_230' title='bbox 1231 1717 1240 1749; x_wconf 84' lang='lat'>3</span> <span class='ocrx_word' id='word_1_231' title='bbox 1291 1703 1406 1750; x_wconf 89' lang='lat' dir='ltr'><strong>unde,</strong></span> <span class='ocrx_word' id='word_1_232' title='bbox 1426 1704 1473 1740; x_wconf 86' lang='lat' dir='ltr'><strong>ad</strong></span> 
     </span>
     <span class='ocr_line' id='line_1_31' title="bbox 199 1754 1473 1804; baseline 0 -13"><span class='ocrx_word' id='word_1_233' title='bbox 199 1754 445 1791; x_wconf 88' lang='lat' dir='ltr'><strong>reficiendum</strong></span> <span class='ocrx_word' id='word_1_234' title='bbox 477 1768 523 1792; x_wconf 86' lang='lat' dir='ltr'><strong>ex</strong></span> <span class='ocrx_word' id='word_1_235' title='bbox 551 1755 756 1804; x_wconf 88' lang='lat' dir='ltr'><strong>jactatione</strong></span> <span class='ocrx_word' id='word_1_236' title='bbox 788 1756 973 1792; x_wconf 63' lang='lat' dir='ltr'><strong>maritima</strong></span> <span class='ocrx_word' id='word_1_237' title='bbox 1001 1756 1158 1793; x_wconf 89' lang='lat' dir='ltr'><strong>militem</strong></span> <span class='ocrx_word' id='word_1_238' title='bbox 1188 1755 1319 1804; x_wconf 88' lang='lat' dir='ltr'><strong>paucis</strong></span> <span class='ocrx_word' id='word_1_239' title='bbox 1339 1755 1473 1791; x_wconf 87' lang='lat' dir='ltr'><strong>diebus</strong></span> 
     </span>
     <span class='ocr_line' id='line_1_32' title="bbox 198 1807 1473 1856; baseline 0 -13"><span class='ocrx_word' id='word_1_240' title='bbox 198 1807 368 1855; x_wconf 88' lang='lat' dir='ltr'><strong>sumptis,</strong></span> <span class='ocrx_word' id='word_1_241' title='bbox 389 1807 535 1844; x_wconf 87' lang='lat' dir='ltr'><strong>excitus</strong></span> <span class='ocrx_word' id='word_1_242' title='bbox 560 1808 703 1855; x_wconf 88' lang='lat' dir='ltr'><strong>pavidis</strong></span> <span class='ocrx_word' id='word_1_243' title='bbox 728 1808 882 1853; x_wconf 82' lang='lat' dir='ltr'><strong>nuntiis,</strong></span> <span class='ocrx_word' id='word_1_244' title='bbox 914 1808 1042 1844; x_wconf 86' lang='lat' dir='ltr'><strong>omnia</strong></span> <span class='ocrx_word' id='word_1_245' title='bbox 1070 1808 1172 1844; x_wconf 90' lang='lat' dir='ltr'><strong>circa</strong></span> <span class='ocrx_word' id='word_1_246' title='bbox 1201 1807 1473 1856; x_wconf 84' lang='lat' dir='ltr'><strong>Carthaginem</strong></span> 
     </span>
     <span class='ocr_line' id='line_1_33' title="bbox 197 1858 1473 1908; baseline -0.001 -13"><span class='ocrx_word' id='word_1_247' title='bbox 197 1858 356 1895; x_wconf 88' lang='lat' dir='ltr'><strong>obtineri</strong></span> <span class='ocrx_word' id='word_1_248' title='bbox 377 1859 502 1902; x_wconf 89' lang='lat' dir='ltr'><strong>armis,</strong></span> <span class='ocrx_word' id='word_1_249' title='bbox 522 1859 771 1902; x_wconf 83' lang='lat' dir='ltr'><strong>afferentium,</strong></span> <span class='ocrx_word' id='word_1_250' title='bbox 793 1859 940 1908; x_wconf 85' lang='lat' dir='ltr'><strong>magnis</strong></span> <span class='ocrx_word' id='word_1_251' title='bbox 973 1859 1170 1896; x_wconf 83' lang='lat' dir='ltr'><strong>itineribus</strong></span> <span class='ocrx_word' id='word_1_252' title='bbox 1202 1859 1363 1895; x_wconf 84' lang='lat' dir='ltr'><strong>Zamam</strong></span> <span class='ocrx_word' id='word_1_253' title='bbox 1384 1871 1473 1895; x_wconf 90' lang='lat' dir='ltr'><strong>con-</strong></span> 
     </span>
     <span class='ocr_line' id='line_1_34' title="bbox 199 1910 1472 1959; baseline -0.001 -13"><span class='ocrx_word' id='word_1_254' title='bbox 199 1910 329 1947; x_wconf 90' lang='lat' dir='ltr'><strong>tendit.</strong></span> <span class='ocrx_word' id='word_1_255' title='bbox 385 1910 510 1946; x_wconf 89' lang='lat' dir='ltr'><strong>Zama</strong></span> <span class='ocrx_word' id='word_1_256' title='bbox 528 1910 695 1959; x_wconf 88' lang='lat' dir='ltr'><strong>quiuque</strong></span> <span class='ocrx_word' id='word_1_257' title='bbox 715 1911 860 1947; x_wconf 88' lang='lat' dir='ltr'><strong>dierum</strong></span> <span class='ocrx_word' id='word_1_258' title='bbox 898 1911 967 1947; x_wconf 92' lang='lat' dir='ltr'><strong>iter</strong></span> <span class='ocrx_word' id='word_1_259' title='bbox 998 1911 1044 1947; x_wconf 93' lang='lat' dir='ltr'><strong>ab</strong></span> <span class='ocrx_word' id='word_1_260' title='bbox 1077 1911 1308 1959; x_wconf 78' lang='lat' dir='ltr'><strong>Carthagine</strong></span> <span class='ocrx_word' id='word_1_261' title='bbox 1341 1910 1472 1946; x_wconf 87' lang='lat' dir='ltr'><strong>abest:</strong></span> 
     </span>
     <span class='ocr_line' id='line_1_35' title="bbox 198 1961 1474 2011; baseline 0 -13"><span class='ocrx_word' id='word_1_262' title='bbox 198 1961 286 1998; x_wconf 91' lang='lat' dir='ltr'><strong>inde</strong></span> <span class='ocrx_word' id='word_1_263' title='bbox 304 1962 486 2010; x_wconf 83' lang='lat' dir='ltr'><strong>praemissi</strong></span> <span class='ocrx_word' id='word_1_264' title='bbox 505 1963 757 2010; x_wconf 80' lang='lat' dir='ltr'><strong>speculatores</strong></span> <span class='ocrx_word' id='word_1_265' title='bbox 775 1975 889 2011; x_wconf 89' lang='lat' dir='ltr'><strong>quum</strong></span> <span class='ocrx_word' id='word_1_266' title='bbox 905 1963 1052 2011; x_wconf 84' lang='lat' dir='ltr'><strong>excepti</strong></span> <span class='ocrx_word' id='word_1_267' title='bbox 1065 1975 1086 1999; x_wconf 89' lang='lat' dir='ltr'><strong>a</strong></span> <span class='ocrx_word' id='word_1_268' title='bbox 1098 1962 1316 1999; x_wconf 85' lang='lat' dir='ltr'><strong>custodibus</strong></span> <span class='ocrx_word' id='word_1_269' title='bbox 1332 1962 1474 1998; x_wconf 85' lang='lat' dir='ltr'><strong>Roma-</strong></span> 
     </span>
     <span class='ocr_line' id='line_1_36' title="bbox 199 2013 1473 2063; baseline 0 -14"><span class='ocrx_word' id='word_1_270' title='bbox 199 2013 258 2050; x_wconf 88' lang='lat' dir='ltr'><strong>nis</strong></span> <span class='ocrx_word' id='word_1_271' title='bbox 276 2014 428 2051; x_wconf 88' lang='lat' dir='ltr'><strong>deducti</strong></span> <span class='ocrx_word' id='word_1_272' title='bbox 448 2014 495 2050; x_wconf 90' lang='lat' dir='ltr'><strong>ad</strong></span> <span class='ocrx_word' id='word_1_273' title='bbox 515 2014 732 2063; x_wconf 88' lang='lat' dir='ltr'><strong>Scipionem</strong></span> <span class='ocrx_word' id='word_1_274' title='bbox 758 2021 896 2061; x_wconf 88' lang='lat' dir='ltr'><strong>essent,</strong></span> <span class='ocrx_word' id='word_1_275' title='bbox 930 2015 1084 2051; x_wconf 86' lang='lat' dir='ltr'><strong>traditos</strong></span> <span class='ocrx_word' id='word_1_276' title='bbox 1116 2027 1180 2051; x_wconf 91' lang='lat' dir='ltr'><strong>eos</strong></span> <span class='ocrx_word' id='word_1_277' title='bbox 1199 2013 1358 2051; x_wconf 88' lang='lat' dir='ltr'><strong>tribunis</strong></span> <span class='ocrx_word' id='word_1_278' title='bbox 1378 2013 1473 2050; x_wconf 90' lang='lat' dir='ltr'><strong>mili-</strong></span> 
     </span>
     <span class='ocr_line' id='line_1_37' title="bbox 200 2065 1472 2114; baseline 0 -13"><span class='ocrx_word' id='word_1_279' title='bbox 200 2071 290 2110; x_wconf 89' lang='lat' dir='ltr'><strong>tum,</strong></span> <span class='ocrx_word' id='word_1_280' title='bbox 308 2065 504 2114; x_wconf 86' lang='lat' dir='ltr'><strong>jussosque</strong></span> <span class='ocrx_word' id='word_1_281' title='bbox 523 2066 660 2103; x_wconf 89' lang='lat' dir='ltr'><strong>omisso</strong></span> <span class='ocrx_word' id='word_1_282' title='bbox 692 2073 794 2103; x_wconf 92' lang='lat' dir='ltr'><strong>metu</strong></span> <span class='ocrx_word' id='word_1_283' title='bbox 823 2066 941 2102; x_wconf 84' lang='lat' dir='ltr'><strong>visere</strong></span> <span class='ocrx_word' id='word_1_284' title='bbox 974 2066 1113 2110; x_wconf 89' lang='lat' dir='ltr'><strong>omnia,</strong></span> <span class='ocrx_word' id='word_1_285' title='bbox 1146 2079 1211 2114; x_wconf 90' lang='lat' dir='ltr'><strong>per</strong></span> <span class='ocrx_word' id='word_1_286' title='bbox 1240 2072 1373 2110; x_wconf 87' lang='lat' dir='ltr'><strong>castra,</strong></span> <span class='ocrx_word' id='word_1_287' title='bbox 1400 2066 1472 2113; x_wconf 70' lang='lat' dir='ltr'><strong>qua</strong></span> 
     </span>
     <span class='ocr_line' id='line_1_38' title="bbox 200 2117 1473 2167; baseline 0 -14"><span class='ocrx_word' id='word_1_288' title='bbox 200 2117 350 2160; x_wconf 89' lang='lat' dir='ltr'><strong>vellent,</strong></span> <span class='ocrx_word' id='word_1_289' title='bbox 371 2117 606 2154; x_wconf 87' lang='lat' dir='ltr'><strong>circumduci</strong></span> <span class='ocrx_word' id='word_1_290' title='bbox 621 2117 730 2167; x_wconf 86' lang='lat' dir='ltr'><strong>jussit</strong></span> <span class='ocrx_word' id='word_1_291' title='bbox 747 2131 755 2154; x_wconf 91' lang='lat'>:</span> <span class='ocrx_word' id='word_1_292' title='bbox 804 2124 1131 2166; x_wconf 84' lang='lat' dir='ltr'><strong>percontatusque,</strong></span> <span class='ocrx_word' id='word_1_293' title='bbox 1161 2117 1354 2166; x_wconf 86' lang='lat' dir='ltr'><strong>sati&#39;n’per</strong></span> <span class='ocrx_word' id='word_1_294' title='bbox 1373 2129 1473 2153; x_wconf 88' lang='lat' dir='ltr'><strong>corn·</strong></span> 
     </span>
    </p>
   </div>
   <div class='ocr_carea' id='block_1_11' title="bbox 158 2168 1473 2218">
    <p class='ocr_par' dir='ltr' id='par_1_11' title="bbox 158 2168 1473 2218">
     <span class='ocr_line' id='line_1_39' title="bbox 158 2168 1473 2218; baseline -0.002 -11"><span class='ocrx_word' id='word_1_295' title='bbox 158 2182 188 2207; x_wconf 93' lang='lat'><strong>10</strong></span> <span class='ocrx_word' id='word_1_296' title='bbox 201 2168 353 2205; x_wconf 87' lang='lat' dir='ltr'><strong>modum</strong></span> <span class='ocrx_word' id='word_1_297' title='bbox 371 2169 498 2205; x_wconf 87' lang='lat' dir='ltr'><strong>omnia</strong></span> <span class='ocrx_word' id='word_1_298' title='bbox 529 2169 793 2218; x_wconf 68' lang='lat' dir='ltr'><strong>explorassent,</strong></span> <span class='ocrx_word' id='word_1_299' title='bbox 828 2169 937 2216; x_wconf 88' lang='lat' dir='ltr'><strong>datis,</strong></span> <span class='ocrx_word' id='word_1_300' title='bbox 970 2169 1033 2217; x_wconf 89' lang='lat' dir='ltr'><strong>qui</strong></span> <span class='ocrx_word' id='word_1_301' title='bbox 1067 2175 1394 2218; x_wconf 89' lang='lat' dir='ltr'><strong>prosequerentur,</strong></span> <span class='ocrx_word' id='word_1_302' title='bbox 1415 2181 1473 2205; x_wconf 89' lang='lat' dir='ltr'><strong>re·</strong></span> 
     </span>
    </p>
   </div>
   <div class='ocr_carea' id='block_1_12' title="bbox 201 2220 1473 2427">
    <p class='ocr_par' dir='ltr' id='par_1_12' title="bbox 201 2220 1473 2427">
     <span class='ocr_line' id='line_1_40' title="bbox 201 2220 1473 2268; baseline -0.001 -11"><span class='ocrx_word' id='word_1_303' title='bbox 201 2227 257 2257; x_wconf 86' lang='lat' dir='ltr'><strong>tro</strong></span> <span class='ocrx_word' id='word_1_304' title='bbox 285 2221 332 2256; x_wconf 88' lang='lat' dir='ltr'><strong>ad</strong></span> <span class='ocrx_word' id='word_1_305' title='bbox 365 2220 619 2257; x_wconf 87' lang='lat' dir='ltr'><strong>Hannibalem</strong></span> <span class='ocrx_word' id='word_1_306' title='bbox 651 2221 802 2258; x_wconf 87' lang='lat' dir='ltr'><strong>dimisit.</strong></span> <span class='ocrx_word' id='word_1_307' title='bbox 873 2221 1065 2257; x_wconf 85' lang='lat' dir='ltr'><strong>Hannibal</strong></span> <span class='ocrx_word' id='word_1_308' title='bbox 1103 2221 1195 2257; x_wconf 90' lang='lat' dir='ltr'><strong>nihil</strong></span> <span class='ocrx_word' id='word_1_309' title='bbox 1231 2221 1382 2268; x_wconf 88' lang='lat' dir='ltr'><strong>quidem</strong></span> <span class='ocrx_word' id='word_1_310' title='bbox 1412 2232 1473 2257; x_wconf 90' lang='lat' dir='ltr'><strong>eo-</strong></span> 
     </span>
     <span class='ocr_line' id='line_1_41' title="bbox 201 2272 1473 2323; baseline 0 -15"><span class='ocrx_word' id='word_1_311' title='bbox 201 2284 296 2320; x_wconf 81' lang='lat' dir='ltr'><strong>rum,</strong></span> <span class='ocrx_word' id='word_1_312' title='bbox 315 2284 398 2320; x_wconf 89' lang='lat' dir='ltr'><strong>quae</strong></span> <span class='ocrx_word' id='word_1_313' title='bbox 416 2272 697 2316; x_wconf 86' lang='lat' dir='ltr'><strong>nuntiabantur,</strong></span> <span class='ocrx_word' id='word_1_314' title='bbox 729 2273 834 2323; x_wconf 92' lang='lat' dir='ltr'><strong>(nam</strong></span> <span class='ocrx_word' id='word_1_315' title='bbox 854 2280 903 2316; x_wconf 89' lang='lat' dir='ltr'><strong>et,</strong></span> <span class='ocrx_word' id='word_1_316' title='bbox 939 2272 1177 2310; x_wconf 90' lang='lat' dir='ltr'><strong>Masinissam</strong></span> <span class='ocrx_word' id='word_1_317' title='bbox 1199 2285 1287 2309; x_wconf 88' lang='lat' dir='ltr'><strong>cum</strong></span> <span class='ocrx_word' id='word_1_318' title='bbox 1308 2284 1372 2308; x_wconf 87' lang='lat' dir='ltr'><strong>sex</strong></span> <span class='ocrx_word' id='word_1_319' title='bbox 1392 2272 1473 2308; x_wconf 92' lang='lat' dir='ltr'><strong>mil-</strong></span> 
     </span>
     <span class='ocr_line' id='line_1_42' title="bbox 202 2323 1470 2374; baseline -0.002 -14"><span class='ocrx_word' id='word_1_320' title='bbox 202 2324 299 2360; x_wconf 90' lang='lat' dir='ltr'><strong>libus</strong></span> <span class='ocrx_word' id='word_1_321' title='bbox 330 2324 511 2373; x_wconf 88' lang='lat' dir='ltr'><strong>peditum‚</strong></span> <span class='ocrx_word' id='word_1_322' title='bbox 540 2331 695 2372; x_wconf 89' lang='lat' dir='ltr'><strong>quatuor</strong></span> <span class='ocrx_word' id='word_1_323' title='bbox 723 2326 890 2374; x_wconf 86' lang='lat' dir='ltr'><strong>equitum</strong></span> <span class='ocrx_word' id='word_1_324' title='bbox 920 2325 1067 2361; x_wconf 90' lang='lat' dir='ltr'><strong>venisse</strong></span> <span class='ocrx_word' id='word_1_325' title='bbox 1100 2337 1144 2362; x_wconf 92' lang='lat' dir='ltr'><strong>eo</strong></span> <span class='ocrx_word' id='word_1_326' title='bbox 1174 2325 1253 2373; x_wconf 91' lang='lat' dir='ltr'><strong>ipso</strong></span> <span class='ocrx_word' id='word_1_327' title='bbox 1276 2324 1366 2360; x_wconf 89' lang='lat' dir='ltr'><strong>forte</strong></span> <span class='ocrx_word' id='word_1_328' title='bbox 1396 2323 1470 2365; x_wconf 86' lang='lat' dir='ltr'><strong>die,</strong></span> 
     </span>
     <span class='ocr_line' id='line_1_43' title="bbox 203 2375 1472 2427; baseline -0.002 -15"><span class='ocrx_word' id='word_1_329' title='bbox 203 2375 426 2427; x_wconf 81' lang='lat' dir='ltr'><strong>afferebant)</strong></span> <span class='ocrx_word' id='word_1_330' title='bbox 447 2375 531 2412; x_wconf 88' lang='lat' dir='ltr'><strong>laeto</strong></span> <span class='ocrx_word' id='word_1_331' title='bbox 560 2376 684 2413; x_wconf 90' lang='lat' dir='ltr'><strong>animo</strong></span> <span class='ocrx_word' id='word_1_332' title='bbox 717 2377 848 2424; x_wconf 84' lang='lat' dir='ltr'><strong>audiit,</strong></span> <span class='ocrx_word' id='word_1_333' title='bbox 882 2377 1043 2413; x_wconf 80' lang='lat' dir='ltr'><strong>maxime</strong></span> <span class='ocrx_word' id='word_1_334' title='bbox 1073 2377 1188 2413; x_wconf 89' lang='lat' dir='ltr'><strong>hostis</strong></span> <span class='ocrx_word' id='word_1_335' title='bbox 1217 2375 1371 2420; x_wconf 73' lang='lat' dir='ltr'><strong>fiducia,</strong></span> <span class='ocrx_word' id='word_1_336' title='bbox 1391 2386 1472 2421; x_wconf 83' lang='lat' dir='ltr'><strong>quae</strong></span> 
     </span>
    </p>
   </div>
   <div class='ocr_carea' id='block_1_13' title="bbox 161 2426 1471 2478">
    <p class='ocr_par' dir='ltr' id='par_1_13' title="bbox 161 2426 1471 2478">
     <span class='ocr_line' id='line_1_44' title="bbox 161 2426 1471 2478; baseline -0.005 -12"><span class='ocrx_word' id='word_1_337' title='bbox 161 2440 190 2466; x_wconf 81' lang='lat'><strong>15</strong></span> <span class='ocrx_word' id='word_1_338' title='bbox 203 2439 278 2464; x_wconf 91' lang='lat' dir='ltr'><strong>non</strong></span> <span class='ocrx_word' id='word_1_339' title='bbox 298 2428 344 2464; x_wconf 93' lang='lat' dir='ltr'><strong>de</strong></span> <span class='ocrx_word' id='word_1_340' title='bbox 374 2427 489 2464; x_wconf 92' lang='lat' dir='ltr'><strong>nihilo</strong></span> <span class='ocrx_word' id='word_1_341' title='bbox 521 2428 686 2476; x_wconf 78' lang='lat' dir='ltr'><strong>profecto</strong></span> <span class='ocrx_word' id='word_1_342' title='bbox 714 2436 898 2478; x_wconf 85' lang='lat' dir='ltr'><strong>concepta</strong></span> <span class='ocrx_word' id='word_1_343' title='bbox 926 2436 1037 2472; x_wconf 90' lang='lat' dir='ltr'><strong>esset,</strong></span> <span class='ocrx_word' id='word_1_344' title='bbox 1066 2428 1271 2477; x_wconf 90' lang='lat' dir='ltr'><strong>perculsus.</strong></span> <span class='ocrx_word' id='word_1_345' title='bbox 1328 2426 1471 2473; x_wconf 84' lang='lat' dir='ltr'><strong>Itaque,</strong></span> 
     </span>
    </p>
   </div>
   <div class='ocr_carea' id='block_1_14' title="bbox 203 2477 1473 2567">
    <p class='ocr_par' dir='ltr' id='par_1_14' title="bbox 203 2477 1473 2567">
     <span class='ocr_line' id='line_1_45' title="bbox 203 2477 1473 2567; baseline -0.002 -51"><span class='ocrx_word' id='word_1_346' title='bbox 203 2492 427 2528; x_wconf 85' lang='lat' dir='ltr'><strong>quamquam</strong></span> <span class='ocrx_word' id='word_1_347' title='bbox 447 2487 483 2516; x_wconf 90' lang='lat' dir='ltr'><strong>et</strong></span> <span class='ocrx_word' id='word_1_348' title='bbox 503 2480 580 2528; x_wconf 85' lang='lat' dir='ltr'><strong>ipse</strong></span> <span class='ocrx_word' id='word_1_349' title='bbox 609 2491 724 2567; x_wconf 50' lang='lat' dir='ltr'><strong>cathsa</strong></span> <span class='ocrx_word' id='word_1_350' title='bbox 752 2481 839 2517; x_wconf 91' lang='lat' dir='ltr'><strong>belli</strong></span> <span class='ocrx_word' id='word_1_351' title='bbox 872 2487 963 2522; x_wconf 88' lang='lat' dir='ltr'><strong>erat,</strong></span> <span class='ocrx_word' id='word_1_352' title='bbox 994 2488 1032 2517; x_wconf 89' lang='lat' dir='ltr'><strong>et</strong></span> <span class='ocrx_word' id='word_1_353' title='bbox 1060 2481 1221 2517; x_wconf 91' lang='lat' dir='ltr'><strong>adventu</strong></span> <span class='ocrx_word' id='word_1_354' title='bbox 1251 2490 1318 2514; x_wconf 87' lang='lat' dir='ltr'><strong>suo</strong></span> <span class='ocrx_word' id='word_1_355' title='bbox 1350 2477 1473 2514; x_wconf 83' lang='lat' dir='ltr'><strong>tnrba-</strong></span> 
     </span>
     <span class='ocr_line' id='line_1_46' title="bbox 695 2535 714 2556; baseline 0 -2"><span class='ocrx_word' id='word_1_356' title='bbox 695 2535 714 2556; x_wconf 49' lang='grc' dir='ltr'><strong><em>ᾗ</em></strong></span> 
     </span>
    </p>
   </div>
  </div>
 </body>
</html>
