1617 2765
159 139 211 176 68
687 142 778 173 ΤῙΤΙ
802 142 913 174 LIVII

159 233 257 271 “En
278 234 385 282 tibi,”
407 235 540 285 inquit,
561 237 586 259 “
599 244 639 273 ut
658 237 811 280 sentias,
832 237 944 286 quam
979 238 1050 274 vile
1083 251 1219 287 eorpus
1247 239 1294 276 sit
1314 239 1359 276 iis
1383 239 1446 288 qui

161 286 186 308 “
203 299 383 336 magnam
403 289 559 337 gloriam
580 289 709 326 vident
726 303 734 325 :
749 291 769 306 ''
791 290 1034 338 dextramque
1054 303 1218 328 accenso
1238 292 1283 328 ad
1305 292 1447 329 sacrifi-

159 338 262 375 cium
284 340 408 379 foculo
428 341 574 390 injicit:
605 354 716 389 quam
738 355 852 390 quum
873 343 971 379 velut
992 343 1154 379 alienato
1174 344 1220 379 ab
1240 356 1354 380 sensu
1375 352 1447 381 tor-

159 399 258 428 reret
278 393 425 438 animo3
466 392 579 441 prope¹
601 393 780 430 attonitus
811 394 993 431 miraculo
1023 408 1104 438 rex,
1134 409 1248 443 quum
1280 397 1327 432 ab
1357 397 1446 433 sede

159 445 224 479 sua
247 445 490 493 prosiluisset,
512 446 749 494 amoverique
784 447 830 482 ab
857 447 1035 483 altaribus
1061 447 1239 496 juvenem
1262 448 1446 497 jussisset,
1476 454 1493 479 ⁵

157 497 183 517 ‘⁴
200 496 262 533 Tu
286 510 372 534 vero
393 498 491 544 abi,⁷'
510 498 643 546 inquit,
675 499 804 535 “inte
824 500 958 548 magis,
987 499 1100 548 quam
1132 500 1169 536 in
1191 513 1264 543 me,
1299 501 1450 537 hostilia

158 549 182 570 “
200 562 324 586 ausus.
384 549 565 586 Juberem
587 558 711 587 macte
733 551 866 588 virtute
887 565 981 597 esse,
1003 552 1032 588 si
1046 565 1112 600 pro
1132 553 1212 588 meri
1234 553 1356 600 patria
1378 553 1450 589 ista

158 602 183 623 “
199 602 314 638 virtus
334 609 459 639 staret.
516 602 634 639 Nunc
651 604 734 651 jure
756 604 842 640 belli
876 604 1036 640 liberum
1069 611 1105 640 te
1126 604 1310 641 intactum
1332 605 1449 642 invio-

158 654 390 703 “latumque
410 655 500 691 hinc
520 655 704 691 dimitt0.’‘
762 656 866 692 Tum
887 656 1053 699 Mucius,
1075 656 1180 704 quasi
1201 669 1448 693 remunerans

158 707 347 754 meritum,
377 709 400 728 ‘⁴
416 707 781 755 Quandoquidem‚”
821 708 953 756 inquit,
993 711 1086 744 “est
1123 709 1222 757 apud
1253 716 1288 745 te
1323 709 1448 746 virtuti
1464 715 1494 740 l⁰

158 760 180 780 “
202 760 333 805 1101105,
354 767 395 795 ut
415 759 603 795 beneficio
624 760 754 795 tuleris
774 773 794 795 a
810 772 884 805 me,
905 761 1004 807 quod
1025 760 1138 796 minis
1159 762 1321 808 nequisti
1340 774 1347 805 3
1378 768 1449 797 tre-

158 812 181 832 “
199 812 300 847 centi
321 811 601 860 conjuravimus
623 812 814 860 principes
843 812 1052 860 juventutis
1073 812 1272 855 Romanae,
1295 820 1333 849 ut
1354 813 1391 849 in
1412 819 1448 849 te

156 863 270 899 “hac
305 863 365 899 via
396 876 664 911 grassarentur.
737 863 826 900 Mea
856 864 976 912 prima
1005 877 1084 901 sors
1118 864 1211 901 fuit:
1249 865 1387 911 caeteri‚
1408 872 1450 902 ut

156 917 181 938 “
199 916 336 964 cuique
356 916 540 952 ceciderit
558 915 690 964 primo,
722 917 845 964 quoad
877 924 912 952 te
932 925 1185 965 opportunum
1216 916 1364 954 fortuna
1387 917 1450 954 de-

157 970 181 1002 ⁴<
198 969 307 1011 derit,
329 981 397 1005 suo
416 968 572 1016 quisque
596 974 776 1016 tempore,
799 969 995 1004 aderunt.”
1463 975 1494 1001 15

209 1072 327 1110 XIII.
374 1072 549 1108 Mucium
583 1072 780 1109 dimissum
810 1072 890 1122 (cui
920 1080 1051 1122 postea
1084 1074 1263 1110 Scaevolae
1298 1087 1318 1110 a
1338 1074 1448 1111 clade

157 1127 297 1163 dextras
318 1124 457 1161 mansis
476 1137 689 1173 cognomen
711 1125 891 1174 inditum)
917 1126 1029 1174 legati
1052 1139 1073 1162 a
1093 1126 1260 1162 Porsena
1281 1127 1448 1163 Romam

157 1179 277 1215 secuti
308 1185 407 1213 sunt.
482 1175 592 1212 Adeo
621 1185 787 1214 moverat
816 1190 901 1214 eum
932 1186 969 1214 et
997 1178 1106 1226 primi
1137 1178 1293 1226 periculi
1323 1191 1448 1226 casus,

156 1244 229 1279 quo
249 1229 342 1266 nihil
363 1242 402 1265 se
423 1236 556 1277 praeter
582 1241 744 1265 errorem
778 1230 1008 1267 insidiatoris
1028 1230 1197 1273 texisset,
1218 1238 1255 1266 et
1284 1231 1450 1267 subeun-

157 1283 204 1319 da
224 1282 418 1319 dimicatio
437 1281 558 1327 toties,
579 1288 669 1329 quot
687 1282 872 1331 conjurati
903 1289 1156 1331 superessent,
1177 1289 1217 1318 ut
1235 1283 1338 1331 pacis
1359 1289 1494 1320 con-2⁰

156 1336 319 1372 ditiones
341 1335 436 1371 ultro
466 1334 578 1370 ferret
605 1334 805 1371 Romanis.
872 1335 1064 1371 Jactatum
1095 1335 1133 1371 in
1168 1334 1449 1372 conditionibus

156 1388 409 1436 nequidquam
444 1387 491 1422 de
521 1386 742 1434 Tarquiniis
775 1383 821 1423 in*
844 1400 1004 1436 regnum
1041 1386 1298 1434 restituendis,
1328 1388 1449 1437 magis

155 1441 243 1488 quia
271 1440 307 1476 id
339 1452 477 1488 negare
509 1439 586 1487 ipse
617 1440 837 1487 nequiverat
866 1439 1100 1488 Tarquiniis,
1120 1438 1233 1487 quam
1262 1439 1361 1488 quod
1383 1452 1448 1476 ne-

155 1500 285 1541 gatum
307 1492 350 1529 iri
379 1492 451 1527 sibi
480 1492 526 1527 ab
547 1491 735 1528 Romanis
763 1493 963 1541 ignoraret.
1021 1491 1080 1527 De
1101 1504 1190 1540 agro
1219 1492 1447 1541 Vejentibus

156 1544 389 1581 restituendo
428 1544 694 1592 impetratum:
751 1557 1005 1593 expressaque
1048 1544 1256 1580 necessitas
1295 1544 1494 1581 obsides&

156 1595 271 1633 dandi
304 1596 501 1642 Romanis,
522 1596 552 1632 si
572 1596 749 1633 Janiculo
768 1596 983 1645 praesidium
1006 1596 1145 1632 deduci
1165 1595 1315 1632 vellent.
1373 1596 1446 1633 His

156 1649 439 1686 conditionibus
468 1649 676 1697 composita
706 1661 813 1697 pace,
843 1649 1053 1685 exercitum
1094 1648 1141 1684 ab
1177 1648 1355 1685 ¹Ianiculo
1384 1649 1448 1685 de-

156 1701 265 1739 duxit
284 1702 463 1746 Porsena,
484 1708 520 1737 et
540 1714 629 1749 agro
650 1701 827 1738 Romano
847 1701 1022 1737 excessit.
1081 1700 1212 1737 Patres
1232 1700 1276 1737 C.
1300 1700 1445 1748 Mucio,

155 1753 301 1791 virtutis
322 1754 451 1798 causa,
471 1760 573 1789 trans
593 1753 764 1789 Tiberim
787 1766 918 1803 agrum
933 1754 1032 1790 dono
1051 1753 1201 1798 dedere,
1216 1765 1297 1801 quae
1317 1760 1448 1801 postea

157 1814 244 1843 sunt
273 1806 406 1843 Mucia
434 1813 540 1854 prata
578 1806 776 1853 appellata.
850 1806 965 1855 Ergo,
1003 1806 1054 1842 ita
1087 1805 1266 1841 honorata
1295 1805 1444 1849 virtute,
1460 1811 1493 1837 :30

156 1858 320 1895 foeminae
340 1871 486 1906 quoque
507 1858 552 1893 ad
584 1858 736 1906 publica
755 1859 893 1895 decora
912 1858 1097 1894 excitatae.
1155 1857 1204 1893 Et
1223 1857 1358 1893 Cloelia
1377 1858 1448 1894 vir-

154 1923 214 1959 go,
246 1923 322 1947 nna
350 1923 397 1947 ex
423 1910 628 1954 obsidibus,
658 1922 773 1956 quum
803 1918 927 1946 eastra
957 1909 1202 1945 Etruscorum
1233 1909 1325 1945 forte
1346 1910 1447 1946 haud

154 1964 285 2011 procul
324 1963 405 2011 ripa
439 1962 593 1998 Tiberis
626 1961 748 1998 locata
776 1968 915 2004 essent,
946 1961 1122 1997 frustrata
1149 1962 1339 2005 custodes,
1370 1962 1447 1999 dux

156 2016 320 2063 agminis
341 2015 541 2064 virginum,
563 2014 659 2050 inter
675 2014 749 2050 tela
770 2014 933 2050 hostium
953 2013 1126 2049 Tiberim
1147 2014 1329 2058 tranavit3
1370 2027 1447 2051 sos-

156 2067 325 2116 pitesque
345 2080 477 2104 omnes
496 2067 660 2103 Romam
693 2067 738 2102 ad
769 2067 995 2115 propinquos
1015 2065 1187 2102 restituit.
1243 2065 1359 2105 Quod
1381 2066 1444 2104 ubi
1458 2071 1492 2097 35

157 2120 237 2168 regi
268 2121 483 2156 nuntiatum
513 2127 581 2165 est,
620 2118 740 2167 primo
778 2119 957 2155 incensus
987 2118 1054 2162 ira,
1083 2125 1250 2154 oratores
1279 2118 1444 2156 Romam

157 2172 258 2209 misit
278 2173 323 2208 ad
346 2172 520 2209 Cloeliam
540 2170 709 2208 obsidem
739 2171 1016 2220 deposcendam
1036 2183 1045 2214 3
1076 2170 1166 2206 alias
1186 2171 1286 2206 haud
1317 2171 1444 2220 magni

158 2223 306 2260 facere:
354 2225 492 2261 deinde
524 2225 561 2260 in
597 2224 886 2260 admirationem
921 2235 1061 2265 versuS,
1092 2224 1242 2271 “supra
1278 2223 1445 2260 Coclites

157 2277 181 2297 “
201 2277 462 2325 Muciosque''
497 2277 626 2313 dicere
660 2276 735 2312 “id
766 2276 914 2312 facinus
942 2275 1067 2318 esse,'’
1097 2282 1134 2311 ot
1163 2288 1238 2323 prae
1267 2288 1306 2311 se
1337 2276 1444 2326 ferre,

159 2329 183 2350 “
200 2330 532 2377 quemadmodum,
564 2330 592 2365 si
624 2342 698 2365 non
728 2327 887 2365 dedatur
905 2328 1027 2370 obses,
1049 2340 1115 2376 pro
1134 2336 1243 2376 rupto
1262 2340 1301 2364 se
1324 2328 1444 2364 foedus
1457 2338 1490 2364 4ο

160 2383 183 2403 “
201 2382 440 2425 habiturum3
470 2382 524 2417 sic
541 2381 720 2424 deditam,
752 2381 966 2417 inviolatam
987 2380 1032 2416 ad
1054 2393 1139 2416 suos
1159 2379 1444 2417 remissurum.'’

159 2433 356 2482 Utrimque
375 2434 543 2471 constitit
563 2434 675 2470 fides:
713 2441 750 2470 et
771 2434 936 2470 Romani
957 2433 1094 2482 pignus
1113 2433 1217 2482 pacis
1236 2446 1282 2470 ex
1303 2433 1445 2470 foedere
