1617 2765
576 128 716 160 LIBER
741 129 784 159 ΙΙ.
831 139 912 160 CAP.
930 139 1045 160 xxmx.
1408 132 1460 169 77

168 225 310 263 dumne
337 225 460 269 fuerit,
480 225 591 274 quam
611 224 777 273 potuisse
799 224 956 261 arbitror
978 224 1070 267 fieri,
1101 231 1153 269 ut,
1176 225 1459 262 conditionibus

168 278 320 316 laxandi
340 291 542 323 annonam,
564 285 602 314 et
633 277 874 314 tribuniciam
906 284 1142 325 potestatem,
1164 285 1201 313 et
1219 279 1348 314 omnia
1368 278 1460 315 invi-

168 331 216 368 tis
231 331 316 381 Jura
335 331 509 380 imposita
529 330 660 367 Patres
680 330 878 366 demerent
898 330 980 365 sibi.

219 436 391 473 XXXV.
421 435 470 473 Et
489 436 637 472 senatui
658 435 771 472 nimis
792 442 897 472 atrox
918 435 996 471 visa
1026 434 1214 471 sententia
1235 441 1303 477 est,
1326 442 1363 471 et
1383 436 1459 484 ple-

138 488 251 525 5bem
272 489 327 526 ira
347 489 462 538 prope
484 489 652 525 armavit.
710 491 733 510 “
751 488 870 524 Fame
891 501 930 524 se
943 488 1034 537 jam,
1065 488 1164 524 sicut
1193 488 1331 530 hostes,
1354 489 1428 536 peti
1446 502 1457 533 ς

166 541 290 578 “cibo
310 541 487 590 victuque
509 541 672 577 fraudari
692 554 701 585 ς
745 541 987 589 peregrinum
1009 541 1254 586 frumentum,
1275 553 1358 588 quae
1380 541 1459 577 sola

165 594 383 631 “alimenta
402 607 446 631 ex
465 594 655 642 insperato
675 593 824 630 fortuna
844 594 1003 640 dederit,
1038 593 1085 629 ab
1118 606 1182 629 ore
1202 593 1295 641 rapi,
1318 592 1391 629 nisi
1413 594 1457 630 C.

165 646 351 684 “Marcio
371 647 487 683 vincti
517 647 704 683 dedantur
732 646 887 689 tribuni,
919 646 990 682 nisi
1020 646 1066 682 de
1096 653 1202 694 tergo
1231 645 1352 694 plebis
1379 646 1459 683 Ro-

164 701 188 722 “
205 712 327 736 manae
347 699 514 736 satisfiat.
572 699 673 736 Eum
693 699 763 735 sibi
784 699 1004 736 carnificem
1027 711 1165 735 novum
1185 708 1375 745 exortum,
1395 699 1458 747 qui

125 759 152 785 10
165 754 189 775 “
203 759 267 789 aut
295 752 389 789 mori
410 760 474 789 aut
493 752 632 788 servire
658 751 828 798 jubeat.'’
886 752 932 788 In
963 759 1166 788 exeuntem
1199 764 1219 787 e
1254 752 1361 787 curia
1392 751 1460 787 im-

164 813 273 855 petus
293 805 416 841 factus
437 811 549 850 esset,
581 805 620 841 ni
649 805 925 853 peropportune
955 804 1096 840 tribuni
1127 803 1229 840 diem
1260 804 1457 840 dixissent.

166 858 254 894 Ibi
246 871 300 894 ira
320 865 377 894 est
392 870 614 916 suppreffssa
654 868 695 892 se
722 858 893 906 judicem
926 856 1097 905 quisque,
1128 869 1167 893 se
1188 856 1386 892 dominum
1407 857 1459 892 vi-

164 918 212 947 tae
233 910 414 958 necisque
427 910 573 946 inimici
591 910 734 945 factum
749 910 859 946 videb
863 918 910 945 lt
968 936 1134 945 .....
1167 908 1253 956 Ipse
1267 922 1382 957 quum
1396 909 1458 945 die

164 963 265 999 dicta
286 975 362 998 non
383 962 545 1004 adesset,
578 970 855 1009 perseveratum
887 961 923 997 in
957 961 1010 997 ira
1037 970 1103 998 est.
1159 961 1374 997 Damnatus
1395 961 1458 997 ab·

121 1021 150 1045 15
164 1027 251 1051 sens
271 1014 309 1050 in
332 1014 492 1050 Volscos
525 1013 736 1049 exsulatum
768 1014 871 1056 abiit,
908 1013 1088 1049 minitans
1122 1016 1266 1061 patriae,
1289 1013 1459 1050 hostiles-

162 1080 235 1115 que
261 1067 339 1116 Jam
371 1073 449 1103 tum
480 1066 634 1114 spiritus
663 1078 812 1124 gerens.
870 1065 1101 1102 Venientem
1133 1065 1263 1102 Volsci
1293 1066 1457 1114 benigne

162 1132 370 1168 excepere,
401 1118 706 1168 benigniusque
698 1131 736 1154 in
758 1118 838 1154 dies
865 1119 1055 1162 colebant,
1086 1117 1161 1166 quo
1195 1118 1312 1176 major
1344 1118 1399 1154 ira
1419 1119 1457 1155 in

163 1185 250 1209 Suos
270 1171 476 1218 eminebat,
496 1171 713 1219 crebraeque
733 1184 837 1208 nunc
857 1172 1034 1220 querelae,
1068 1184 1171 1207 nunc
1204 1171 1316 1207 minse
1338 1171 1458 1219 perci-

162 1225 376 1273 piebantur
434 1202 611 1273 Hospitio
641 1224 816 1260 utebatur
848 1225 943 1261 Attii
975 1224 1093 1260 Tulli.
1152 1223 1284 1272 Longe
1316 1224 1347 1259 is
1377 1231 1457 1260 tum

117 1283 149 1308 2⁰
163 1278 340 1326 princeps
362 1277 489 1314 Volsci
520 1277 685 1313 nominis
704 1284 796 1323 erat,
825 1277 1086 1325 Romanisque
1107 1289 1254 1325 semper
1276 1276 1457 1312 infestus:

163 1331 226 1376 ita,
247 1342 362 1379 quum
383 1330 542 1366 alterum
564 1337 670 1366 vetus
689 1330 832 1372 odium,
865 1330 1023 1366 alterum
1055 1329 1110 1366 ira
1130 1342 1266 1365 recens
1286 1329 1454 1366 stimula-

162 1390 232 1427 ret,
253 1383 413 1420 consilia
431 1382 632 1419 conferunt
652 1383 699 1418 de
720 1382 898 1419 Romano
920 1383 1028 1419 bello.
1087 1409 1254 1419 .....

213 1488 413 1526 ΧΧΧΙΧ.
453 1488 705 1538 Imperatores
725 1489 770 1525 ad
793 1490 830 1525 id
864 1489 1003 1525 bellum
1039 1489 1085 1525 de
1108 1488 1278 1525 omnium
1299 1488 1457 1536 populo-

160 1554 243 1578 rum
264 1541 452 1578 sententia
481 1541 570 1578 lecti
600 1542 730 1578 Attius
760 1542 898 1578 Tullus
927 1549 963 1578 et
985 1542 1029 1577 C.
1053 1541 1223 1578 Marcius
1242 1541 1347 1577 exsul
1377 1541 1456 1577 Ro-

115 1603 309 1637 25manus‚
331 1594 369 1630 in
389 1607 462 1642 quo
485 1593 675 1642 aliquanto
709 1594 793 1642 plus
821 1595 901 1643 spei
923 1594 1138 1642 repositum.
1195 1593 1326 1633 Quam
1349 1606 1454 1642 spem

161 1659 401 1695 nequaquam
422 1646 574 1683 fefellit:
614 1654 655 1683 ut
676 1647 784 1683 facile
805 1654 1013 1696 appareret
1035 1647 1198 1683 ducibus
1220 1646 1454 1693 validiorem,

160 1711 271 1757 quam
301 1699 484 1742 exercitu,
515 1712 594 1735 rem
627 1699 842 1736 Romanam
878 1713 973 1736 esse.
1049 1699 1221 1747 Circejos
1249 1699 1454 1747 profectus,

159 1752 320 1800 primum
340 1751 497 1788 colonos
518 1751 606 1788 inde
626 1751 825 1788 Romanos
855 1752 1010 1800 expulit,
1040 1752 1272 1799 liberamque
1293 1764 1377 1787 eam
1399 1765 1457 1788 ur-

160 1804 244 1840 bem
277 1804 429 1841 Volscis
458 1804 623 1841 tradidit.
692 1804 801 1847 Inde,
825 1805 862 1841 in
893 1805 1069 1841 Latinam
1101 1804 1196 1840 viam
1234 1804 1456 1840 transveisis

114 1864 146 1890 :30
159 1856 371 1893 tramitibus
391 1863 661 1906 transgressus,
677 1857 880 1903 Satricum,
903 1857 1129 1906 Longulam,
1148 1856 1363 1903 Poluscam,
1385 1857 1456 1893 Co-

158 1908 283 1957 riolos,
316 1908 482 1959 (novella
511 1910 593 1946 haec
623 1909 811 1946 Romanis
848 1910 1004 1960 oppida)
1036 1910 1188 1946 ademit.
1247 1909 1342 1945 Inde
1382 1909 1455 1945 La-

158 1961 302 1998 vinium
323 1962 488 2010 recepit:
519 1969 610 1998 tunc
637 1962 820 2011 deinceps
853 1962 1098 2009 Corbionem,
1120 1962 1327 2005 Vitelliam,
1359 1962 1455 1998 Tre-

158 2013 273 2058 biam,
294 2014 469 2058 Lavicos,
492 2015 635 2051 Pedum
658 2015 770 2063 cepit.
815 2015 1058 2052 Postremum
1080 2015 1126 2051 ad
1147 2015 1288 2052 Urbem
1310 2028 1330 2050 a
1352 2015 1454 2052 Pedo

159 2067 291 2112 ducit3
330 2074 380 2110 et,
401 2068 448 2104 ad
469 2067 587 2104 fossas
609 2067 781 2111 Cluilias,
803 2068 969 2116 quinque
991 2069 1037 2105 ab
1058 2068 1160 2105 Urbe
1187 2068 1306 2103 millia
1326 2081 1455 2116 passu-

114 2127 235 2166 35um,
256 2120 389 2157 castris
404 2120 546 2169 positis,
576 2121 774 2169 populatur
809 2121 897 2157 inde
932 2134 1062 2170 agrum
1085 2121 1331 2165 Romanum3
1370 2133 1455 2156 cus-

160 2172 309 2209 todibus
329 2173 426 2210 inter
458 2173 696 2222 populatores
730 2174 866 2217 missis,
899 2174 961 2222 qui
988 2174 1229 2222 patriciorum
1262 2186 1371 2221 agros
1398 2173 1454 2209 in-

160 2230 280 2261 tactos
298 2234 514 2270 servarent3
544 2226 621 2262 sive
643 2226 813 2262 infensus
833 2226 932 2275 plebi
954 2227 1085 2275 magis,
1107 2227 1184 2262 sive
1203 2235 1242 2262 ut
1263 2226 1454 2262 discordia.

160 2276 250 2313 inde
270 2277 368 2314 inter
387 2278 517 2316 Patres
551 2279 774 2328 plebemque
808 2279 980 2316 oriretur.
1036 2279 1139 2318 Quae
1170 2278 1339 2328 profecto
1372 2285 1454 2315 orta

161 2336 274 2376 esset,
295 2329 388 2366 adeo
419 2331 558 2368 tribuni
587 2332 664 2381 jam
688 2332 852 2368 ferocem
887 2345 952 2381 per
982 2345 1022 2369 se
1043 2332 1190 2381 plebem
1213 2331 1452 2368 criminando

116 2390 148 2416 ⁴0
162 2382 200 2419 in
221 2382 403 2431 primores
422 2384 584 2421 civitatis
605 2385 861 2434 instigabant:
906 2386 970 2422 sed
992 2394 1171 2422 externus
1191 2385 1314 2429 timor,
1336 2383 1452 2419 maxi-

162 2447 266 2473 mum
296 2436 509 2473 concordiae
530 2437 736 2486 vinculum,
773 2439 943 2486 quamvis
980 2446 1174 2487 suspectos
1212 2437 1451 2484 intonsosque

579 2490 627 2526 7*
