1617 2765
588 216 729 247 LIBER
753 216 779 247 1.
805 225 886 247 cAP.
904 227 1029 249 xxxm.
1393 221 1448 258 33

163 312 237 350 tius
266 313 430 350 Romam
474 311 520 347 ad
563 311 839 348 consulendum
868 312 978 349 redit.
1053 312 1264 350 Confestim
1294 326 1360 351 rex
1388 315 1447 352 his

163 365 280 402 ferme
299 364 422 401 verbis
441 363 570 400 Patres
599 364 844 401 consulebat:
899 366 924 386 ‘⁴
942 364 1118 404 Quarum
1149 378 1288 408 rerum,
1308 366 1444 411 litium,

160 419 185 439 “
202 418 401 454 causarum
422 416 591 453 condixit
604 423 707 465 pater
723 424 889 465 patratus
908 418 1034 466 populi
1049 417 1215 454 Romani
1233 417 1446 456 Quiritium

161 470 296 518 “patri
328 475 473 518 patrato
502 469 712 517 priscorum
744 469 966 505 Latinorum
993 470 1283 518 hominibusque
1313 471 1445 518 priscis

131 523 186 561 5“
202 521 361 565 Latinis,
382 534 474 570 quas
504 534 563 558 res
597 521 690 567 dari,
722 521 816 564 fieri,
850 522 940 558 solvi
974 523 1150 571 oportuit,
1184 535 1276 570 quas
1295 535 1354 559 res
1374 536 1447 560 nec

160 575 185 596 “
202 574 402 617 dederunt,
440 586 512 610 nec
547 573 730 619 fecerunt,
766 586 838 609 nec
869 574 1072 618 solverunt,
1103 575 1208 617 dic‚''
1247 575 1368 623 inquit
1396 576 1446 619 ei,

163 639 274 674 quem
295 626 457 675 primum
478 626 704 662 sententiam
727 626 894 675 rogabat,
925 629 948 648 ‘⁶
966 627 1055 675 quid
1081 640 1217 663 censes
1234 628 1248 662 Ί
1263 628 1284 643 ’⁷
1342 627 1445 664 Tum

159 678 243 715 ille:
300 682 324 701 “
344 678 442 715 Puro
463 678 596 727 pioque
617 678 741 715 duello
774 679 995 726 quterendas
1028 691 1179 722 censeo,
1213 679 1337 728 itaque
1358 693 1447 717 con-

158 733 182 752 “
199 731 332 777 sentio,
380 731 692 779 consciscoque.'’
767 731 863 767 Inde
904 732 1037 768 ordine
1085 732 1146 768 alii
1186 733 1414 781 rogabantur
1436 746 1444 768 ε

116 797 146 822 10
158 784 383 832 quandoque
403 795 488 832 pars
508 783 624 832 major
643 796 786 829 eorum,
806 783 868 831 qui
899 784 1067 829 aderant,
1102 785 1140 821 in
1167 786 1341 821 camdem
1361 798 1446 822 sen-

159 837 317 872 tentiam
344 836 434 882 ibat,
469 835 609 872 bellum
643 843 722 872 erat
751 848 951 872 consensu.
1011 836 1112 873 Fieri
1133 837 1295 883 solitum,
1327 845 1366 874 ut
1396 838 1448 874 se-

129 908 136 916 1
159 888 266 925 cialis
298 889 444 924 hastam
464 887 638 924 ferratam
669 895 732 924 aut
764 889 1012 937 sanguineam
1045 896 1246 937 praeustam
1276 891 1322 926 ad
1352 891 1447 927 fines

160 953 290 977 eorum
322 940 445 983 ferret,
479 947 528 985 et,
563 953 638 976 non
660 941 791 976 minus
819 941 937 976 tribus
956 941 1161 988 puberibus
1183 943 1444 990 praesentibus,

159 993 326 1029 diceret:
381 991 537 1031 “Quod
557 992 683 1040 populi
713 993 922 1041 priscorum
956 993 1177 1029 Latinorum
1199 994 1445 1043 hominesque

116 1047 183 1085 15“
200 1044 313 1095 prisci
334 1044 459 1081 Latini
480 1045 659 1080 adversus
678 1044 857 1093 populum
878 1045 1099 1081 Romanum
1114 1045 1327 1084 Quiritium
1348 1047 1447 1083 sece-

159 1099 184 1120 “
202 1105 302 1144 runt,
321 1097 561 1145 deliquerunt
578 1110 586 1141 ;
615 1096 716 1145 quod
738 1097 897 1146 populus
916 1097 1117 1134 Romanus
1135 1098 1349 1137 Quiritium
1372 1100 1448 1136 bel-

159 1150 276 1187 “lum
307 1162 394 1186 cum
424 1149 557 1198 priscis
587 1149 733 1185 Latinis
772 1149 883 1198 jussit
910 1163 1016 1194 esse3
1063 1157 1291 1199 senatusque
1321 1152 1447 1200 populi

159 1205 183 1226 “
200 1202 368 1239 Romani
386 1201 597 1242 Quiritium
618 1202 778 1247 censuit,
800 1203 1006 1245 consensit,
1028 1203 1225 1246 conscivit,
1246 1211 1287 1240 ut
1307 1204 1446 1241 bellum

160 1257 288 1301 “cum
309 1254 443 1304 priscis
462 1254 609 1291 Latinis
639 1254 765 1299 fieret;
813 1254 861 1290 ob
894 1267 979 1291 eam
1008 1267 1088 1291 rem
1121 1268 1193 1304 ego
1212 1257 1446 1305 populusque

115 1310 184 1346 20“
201 1307 402 1344 Romanus
447 1306 593 1355 populis
633 1307 843 1355 priscorum
889 1307 1110 1344 Latinorum
1158 1309 1447 1357 hominibusque

161 1362 186 1385 “
206 1359 339 1408 priscis
358 1359 505 1396 Latinis
525 1359 666 1395 bellum
697 1359 825 1395 indico
859 1358 1071 1407 sacioque.”
1127 1359 1172 1396 Id
1194 1361 1258 1397 ubi
1278 1361 1446 1405 dixisset,

160 1414 307 1450 hastam
328 1411 481 1449 infines
500 1423 629 1447 eorum
659 1411 866 1447 emittebat.
924 1411 1010 1448 Hoc
1029 1418 1109 1448 tum
1140 1413 1252 1449 modo
1282 1413 1328 1448 ab
1348 1413 1450 1450 Lati·

160 1466 221 1504 ni's
240 1464 408 1513 repetitae
428 1475 500 1506 res,
521 1475 566 1500 ac
587 1462 728 1499 bellum
759 1463 969 1500 indictum:
1012 1476 1230 1514 moremque
1260 1477 1346 1502 eum
1367 1478 1449 1516 pos-

159 1518 229 1558 teri
249 1522 489 1568 acceperunt.

116 1639 149 1665 25
215 1624 415 1663 XXXIII.
458 1623 606 1668 Ancus,
637 1624 865 1661 demandata
894 1625 987 1662 cura
1017 1638 1210 1662 sacrorum
1230 1625 1447 1664 flaminibus

161 1677 493 1725 sacerdotibusque
527 1677 622 1720 aliis,
660 1678 830 1714 exercitu
860 1690 956 1714 novo
985 1678 1212 1727 conscripto,
1243 1679 1447 1727 profectus,

162 1730 393 1774 Politorium,
414 1730 545 1766 urbem
567 1729 803 1776 Latinorum,
840 1730 872 1766 vi
899 1730 1023 1778 cepit;
1054 1738 1281 1779 secutusque
1303 1745 1445 1768 morem

161 1795 295 1832 regum
331 1782 510 1831 priorum,
539 1782 601 1830 qui
633 1794 711 1818 rem
744 1782 960 1818 Romanam
999 1789 1182 1819 auxerant
1211 1784 1380 1820 hostibus
1409 1784 1448 1820 in

161 1836 351 1872 civitatem
389 1834 634 1883 accipiendis,
673 1834 952 1870 multitudinem
987 1847 1138 1871 omnem
1176 1835 1340 1872 Romam
1379 1843 1451 1873 tra-

117 1901 150 1927 30
162 1888 290 1925 duxit:
319 1894 370 1933 et,
389 1899 504 1935 quum
526 1887 629 1923 circa
658 1886 856 1932 Palatium,
891 1887 1022 1923 sedem
1056 1895 1223 1924 veterum
1254 1888 1450 1925 Romano-

161 1954 257 1984 rum,
280 1939 412 1976 Sabini
432 1939 660 1988 Capitolium
688 1946 798 1987 atque
829 1951 969 1983 arcem,
1000 1939 1164 1976 Ccelium
1194 1948 1361 1977 montem
1383 1941 1450 1977 Al-

163 1993 251 2029 bani
272 1992 515 2041 implessent;
557 1991 791 2028 Aventinum
813 2005 916 2028 novae
937 1992 1170 2029 multitudini
1191 1993 1344 2030 datum:
1386 1994 1450 2030 ad-

162 2046 230 2082 diti
250 2045 384 2082 eudem
404 2044 504 2081 haud
526 2044 576 2080 ita
595 2044 713 2080 multo
732 2043 829 2092 post,
851 2044 1024 2081 Tellenis
1059 2044 1282 2093 Ficanaque
1315 2046 1449 2094 captis,

163 2098 248 2135 novi
270 2097 383 2134 cives.
450 2096 669 2133 Politorium
699 2096 788 2132 inde
819 2109 946 2133 rursus
977 2097 1074 2133 bello
1102 2099 1318 2146 repetitum,
1349 2099 1448 2146 quod

120 2163 325 2188 ssvacuum
343 2157 623 2197 occupaverant
643 2149 755 2197 prisci
800 2149 926 2185 Latini
944 2162 952 2186 :
982 2162 1100 2198 eaque
1121 2163 1236 2186 causa
1255 2151 1450 2187 diruendae

165 2202 267 2239 urbis
285 2202 368 2252 ejus
388 2202 457 2238 suit
488 2202 688 2244 Romanis,
717 2214 766 2237 ne
800 2202 963 2238 hostium
990 2215 1137 2251 semper
1167 2203 1450 2251 receptaculum

167 2261 278 2291 esset.
334 2254 541 2300 Postremo,
561 2254 665 2291 omni
687 2253 784 2290 bello
814 2254 951 2291 Latino
982 2255 1208 2291 Medulliam
1240 2256 1448 2304 compulso,

166 2306 395 2355 aliquamdiu
415 2307 466 2343 ibi
488 2307 610 2343 Marte
630 2307 787 2349 incerto,
816 2307 918 2343 varia
945 2307 1115 2350 victoria,
1137 2316 1347 2357 pugnatum
1367 2315 1423 2344 est
1441 2321 1449 2343 :

165 2371 254 2396 nam
273 2365 311 2395 et
339 2359 427 2394 urbs
457 2366 539 2396 tuta
567 2359 853 2405 munitionibus,
881 2360 1129 2408 praesidioque
1160 2360 1306 2396 firmata
1327 2360 1450 2396 valido

121 2424 153 2450 4ο
166 2419 269 2456 erat3
312 2418 363 2457 et,
381 2411 515 2448 castris
534 2412 572 2448 in
592 2419 720 2460 aperto
740 2412 881 2460 positis,
916 2412 1112 2460 aliquoties
1142 2413 1331 2449 exercitus
1351 2412 1452 2447 Lati-

166 2477 238 2500 nus
275 2463 450 2500 cominus
487 2476 574 2500 cum
601 2464 788 2500 Romanis
818 2464 928 2514 signa
968 2465 1190 2501 contulerat.
1267 2465 1327 2499 Ad
1367 2463 1451 2500 ulti-

166 2529 283 2561 mum,
303 2516 481 2554 omnibus
500 2516 618 2566 copiis
637 2517 830 2563 connisus,
867 2517 1001 2554 Ancus
1021 2517 1103 2554 acie
1124 2517 1291 2565 primam
1313 2515 1449 2557 vincit:
