<?xml version="1.0" encoding="UTF-8"?>
<!DOCTYPE html PUBLIC "-//W3C//DTD XHTML 1.0 Transitional//EN"
    "http://www.w3.org/TR/xhtml1/DTD/xhtml1-transitional.dtd">
<html xmlns="http://www.w3.org/1999/xhtml" xml:lang="en" lang="en">
 <head>
  <title>
</title>
<meta http-equiv="Content-Type" content="text/html;charset=utf-8" />
  <meta name='ocr-system' content='tesseract 3.04.00' />
  <meta name='ocr-capabilities' content='ocr_page ocr_carea ocr_par ocr_line ocrx_word'/>
</head>
<body>
  <div class='ocr_page' id='page_1' title='image "./historiarumliber00livyuoft_0227.png"; bbox 0 0 1617 2765; ppageno 0'>
   <div class='ocr_carea' id='block_1_1' title="bbox 582 183 1484 225">
    <p class='ocr_par' dir='ltr' id='par_1_1' title="bbox 582 183 1484 225">
     <span class='ocr_line' id='line_1_1' title="bbox 582 183 1484 225; baseline 0 -11"><span class='ocrx_word' id='word_1_1' title='bbox 582 184 719 214; x_wconf 83' lang='lat' dir='ltr'>LIBER</span> <span class='ocrx_word' id='word_1_2' title='bbox 743 183 874 214; x_wconf 83' lang='lat' dir='ltr'>XXIII.</span> <span class='ocrx_word' id='word_1_3' title='bbox 919 193 999 215; x_wconf 76' lang='lat' dir='ltr'>CAP.</span> <span class='ocrx_word' id='word_1_4' title='bbox 1016 194 1095 215; x_wconf 81' lang='lat' dir='ltr'>x111.</span> <span class='ocrx_word' id='word_1_5' title='bbox 1405 186 1484 225; x_wconf 78' lang='lat'>209</span> 
     </span>
    </p>
   </div>
   <div class='ocr_carea' id='block_1_2' title="bbox 159 277 1487 1056">
    <p class='ocr_par' dir='ltr' id='par_1_2' title="bbox 159 277 1487 1056">
     <span class='ocr_line' id='line_1_2' title="bbox 205 277 1486 329; baseline 0.001 -13"><span class='ocrx_word' id='word_1_6' title='bbox 205 279 366 316; x_wconf 85' lang='lat' dir='ltr'>“‘citus</span> <span class='ocrx_word' id='word_1_7' title='bbox 385 278 573 315; x_wconf 88' lang='lat' dir='ltr'>hostium:</span> <span class='ocrx_word' id='word_1_8' title='bbox 617 277 752 314; x_wconf 87' lang='lat' dir='ltr'>mittite</span> <span class='ocrx_word' id='word_1_9' title='bbox 772 278 910 314; x_wconf 84' lang='lat' dir='ltr'>milites</span> <span class='ocrx_word' id='word_1_10' title='bbox 930 278 1047 315; x_wconf 62' lang='lat' dir='ltr'>mihi!</span> <span class='ocrx_word' id='word_1_11' title='bbox 1103 278 1212 318; x_wconf 77' lang='lat' dir='ltr'>Quid</span> <span class='ocrx_word' id='word_1_12' title='bbox 1247 279 1347 316; x_wconf 88' lang='lat' dir='ltr'>aliud</span> <span class='ocrx_word' id='word_1_13' title='bbox 1380 293 1486 329; x_wconf 80' lang='lat' dir='ltr'>roga-</span> 
     </span>
     <span class='ocr_line' id='line_1_3' title="bbox 206 329 1486 379; baseline 0 -11"><span class='ocrx_word' id='word_1_14' title='bbox 206 337 229 354; x_wconf 90' lang='lat'>“</span> <span class='ocrx_word' id='word_1_15' title='bbox 243 344 315 374; x_wconf 89' lang='lat' dir='ltr'>res,</span> <span class='ocrx_word' id='word_1_16' title='bbox 336 331 366 367; x_wconf 90' lang='lat' dir='ltr'>si</span> <span class='ocrx_word' id='word_1_17' title='bbox 385 342 488 367; x_wconf 84' lang='lat' dir='ltr'>esses</span> <span class='ocrx_word' id='word_1_18' title='bbox 507 329 657 366; x_wconf 67' lang='lat' dir='ltr'>victus?</span> <span class='ocrx_word' id='word_1_19' title='bbox 688 336 697 353; x_wconf 83' lang='lat'>‘</span> <span class='ocrx_word' id='word_1_20' title='bbox 716 330 892 367; x_wconf 86' lang='lat' dir='ltr'>Hostium</span> <span class='ocrx_word' id='word_1_21' title='bbox 913 330 997 379; x_wconf 90' lang='lat' dir='ltr'>cepi</span> <span class='ocrx_word' id='word_1_22' title='bbox 1018 331 1107 367; x_wconf 85' lang='lat' dir='ltr'>bina</span> <span class='ocrx_word' id='word_1_23' title='bbox 1126 338 1260 377; x_wconf 86' lang='lat' dir='ltr'>castra,</span> <span class='ocrx_word' id='word_1_24' title='bbox 1280 333 1414 379; x_wconf 82' lang='lat' dir='ltr'>praedae</span> <span class='ocrx_word' id='word_1_25' title='bbox 1437 332 1486 369; x_wconf 89' lang='lat' dir='ltr'>vi-</span> 
     </span>
     <span class='ocr_line' id='line_1_4' title="bbox 207 381 1484 431; baseline 0.002 -13"><span class='ocrx_word' id='word_1_26' title='bbox 207 389 231 406; x_wconf 87' lang='lat'><strong>“</strong></span> <span class='ocrx_word' id='word_1_27' title='bbox 246 390 255 406; x_wconf 80' lang='lat'><strong><em>⁴</em></strong></span> <span class='ocrx_word' id='word_1_28' title='bbox 269 383 407 419; x_wconf 76' lang='lat' dir='ltr'><strong>delicet</strong></span> <span class='ocrx_word' id='word_1_29' title='bbox 424 381 537 430; x_wconf 92' lang='lat' dir='ltr'>plena</span> <span class='ocrx_word' id='word_1_30' title='bbox 556 389 594 418; x_wconf 88' lang='lat' dir='ltr'>et</span> <span class='ocrx_word' id='word_1_31' title='bbox 613 390 891 419; x_wconf 84' lang='lat' dir='ltr'>commeatuum</span> <span class='ocrx_word' id='word_1_32' title='bbox 911 395 919 419; x_wconf 76' lang='grc' dir='ltr'>ε</span> <span class='ocrx_word' id='word_1_33' title='bbox 967 383 1197 419; x_wconf 89' lang='lat' dir='ltr'>frumentum</span> <span class='ocrx_word' id='word_1_34' title='bbox 1227 390 1265 419; x_wconf 90' lang='lat' dir='ltr'>et</span> <span class='ocrx_word' id='word_1_35' title='bbox 1282 384 1484 431; x_wconf 88' lang='lat' dir='ltr'>pecuniam</span> 
     </span>
     <span class='ocr_line' id='line_1_5' title="bbox 206 433 1484 483; baseline 0.001 -12"><span class='ocrx_word' id='word_1_36' title='bbox 206 441 230 458; x_wconf 75' lang='lat'>‘⁶</span> <span class='ocrx_word' id='word_1_37' title='bbox 247 435 380 471; x_wconf 86' lang='lat' dir='ltr'>‘date.&#39;</span> <span class='ocrx_word' id='word_1_38' title='bbox 434 433 544 473; x_wconf 79' lang='lat' dir='ltr'>Quid</span> <span class='ocrx_word' id='word_1_39' title='bbox 573 434 688 482; x_wconf 90' lang='lat' dir='ltr'>aliud,</span> <span class='ocrx_word' id='word_1_40' title='bbox 718 434 749 471; x_wconf 90' lang='lat' dir='ltr'>si</span> <span class='ocrx_word' id='word_1_41' title='bbox 779 434 970 483; x_wconf 86' lang='lat' dir='ltr'>spoliatus,</span> <span class='ocrx_word' id='word_1_42' title='bbox 1004 435 1034 471; x_wconf 91' lang='lat' dir='ltr'>si</span> <span class='ocrx_word' id='word_1_43' title='bbox 1061 442 1196 471; x_wconf 81' lang='lat' dir='ltr'>exutus</span> <span class='ocrx_word' id='word_1_44' title='bbox 1216 435 1348 471; x_wconf 90' lang='lat' dir='ltr'>castris</span> <span class='ocrx_word' id='word_1_45' title='bbox 1368 448 1484 480; x_wconf 86' lang='lat' dir='ltr'>esses,</span> 
     </span>
     <span class='ocr_line' id='line_1_6' title="bbox 175 486 1484 537; baseline 0.002 -15"><span class='ocrx_word' id='word_1_46' title='bbox 175 497 192 522; x_wconf 86' lang='lat'>5</span> <span class='ocrx_word' id='word_1_47' title='bbox 206 487 420 536; x_wconf 74' lang='lat' dir='ltr'>“peteres‘!</span> <span class='ocrx_word' id='word_1_48' title='bbox 478 486 539 532; x_wconf 84' lang='lat' dir='ltr'>Et,</span> <span class='ocrx_word' id='word_1_49' title='bbox 560 498 608 522; x_wconf 91' lang='lat' dir='ltr'>ne</span> <span class='ocrx_word' id='word_1_50' title='bbox 628 487 756 522; x_wconf 90' lang='lat' dir='ltr'>omnia</span> <span class='ocrx_word' id='word_1_51' title='bbox 777 486 855 535; x_wconf 88' lang='lat' dir='ltr'>ipse</span> <span class='ocrx_word' id='word_1_52' title='bbox 886 487 1010 530; x_wconf 87' lang='lat' dir='ltr'>mirer,</span> <span class='ocrx_word' id='word_1_53' title='bbox 1051 487 1161 537; x_wconf 91' lang='lat' dir='ltr'>(mihi</span> <span class='ocrx_word' id='word_1_54' title='bbox 1191 499 1336 535; x_wconf 90' lang='lat' dir='ltr'>quoque</span> <span class='ocrx_word' id='word_1_55' title='bbox 1370 488 1484 532; x_wconf 85' lang='lat' dir='ltr'>enim,</span> 
     </span>
     <span class='ocr_line' id='line_1_7' title="bbox 207 538 1485 591; baseline 0 -16"><span class='ocrx_word' id='word_1_56' title='bbox 207 539 424 587; x_wconf 87' lang='lat' dir='ltr'>“quoniam</span> <span class='ocrx_word' id='word_1_57' title='bbox 444 538 619 587; x_wconf 85' lang='lat' dir='ltr'>respondi</span> <span class='ocrx_word' id='word_1_58' title='bbox 641 539 864 582; x_wconf 87' lang='lat' dir='ltr'>Himilconi,</span> <span class='ocrx_word' id='word_1_59' title='bbox 899 538 1130 588; x_wconf 84' lang='lat' dir='ltr'>interrogare</span> <span class='ocrx_word' id='word_1_60' title='bbox 1160 539 1222 588; x_wconf 87' lang='lat' dir='ltr'>jus</span> <span class='ocrx_word' id='word_1_61' title='bbox 1252 539 1379 587; x_wconf 88' lang='lat' dir='ltr'>fasque</span> <span class='ocrx_word' id='word_1_62' title='bbox 1410 540 1485 591; x_wconf 86' lang='lat' dir='ltr'>est)</span> 
     </span>
     <span class='ocr_line' id='line_1_8' title="bbox 206 590 1487 640; baseline 0.001 -13"><span class='ocrx_word' id='word_1_63' title='bbox 206 597 229 613; x_wconf 89' lang='lat'>“</span> <span class='ocrx_word' id='word_1_64' title='bbox 244 591 367 634; x_wconf 87' lang='lat' dir='ltr'>velim,</span> <span class='ocrx_word' id='word_1_65' title='bbox 386 603 453 627; x_wconf 89' lang='lat' dir='ltr'>seu</span> <span class='ocrx_word' id='word_1_66' title='bbox 474 590 654 636; x_wconf 83' lang='lat' dir='ltr'>Himilco,</span> <span class='ocrx_word' id='word_1_67' title='bbox 675 603 742 627; x_wconf 90' lang='lat' dir='ltr'>seu</span> <span class='ocrx_word' id='word_1_68' title='bbox 762 590 878 640; x_wconf 86' lang='lat' dir='ltr'>Mago</span> <span class='ocrx_word' id='word_1_69' title='bbox 898 593 1121 640; x_wconf 84' lang='lat' dir='ltr'>respondeat</span> <span class='ocrx_word' id='word_1_70' title='bbox 1138 605 1148 636; x_wconf 83' lang='lat'><em>3</em></span> <span class='ocrx_word' id='word_1_71' title='bbox 1177 604 1293 640; x_wconf 89' lang='lat' dir='ltr'>quum</span> <span class='ocrx_word' id='word_1_72' title='bbox 1307 592 1352 627; x_wconf 91' lang='lat' dir='ltr'>ad</span> <span class='ocrx_word' id='word_1_73' title='bbox 1374 591 1487 628; x_wconf 90' lang='lat' dir='ltr'>inter-</span> 
     </span>
     <span class='ocr_line' id='line_1_9' title="bbox 205 642 1485 692; baseline 0.001 -13"><span class='ocrx_word' id='word_1_74' title='bbox 205 649 229 665; x_wconf 85' lang='lat'><strong>“</strong></span> <span class='ocrx_word' id='word_1_75' title='bbox 243 643 442 680; x_wconf 87' lang='lat' dir='ltr'>necionem</span> <span class='ocrx_word' id='word_1_76' title='bbox 462 642 627 679; x_wconf 88' lang='lat' dir='ltr'>Romani</span> <span class='ocrx_word' id='word_1_77' title='bbox 649 643 795 692; x_wconf 89' lang='lat' dir='ltr'>imperii</span> <span class='ocrx_word' id='word_1_78' title='bbox 816 651 1023 692; x_wconf 85' lang='lat' dir='ltr'>pugnatum</span> <span class='ocrx_word' id='word_1_79' title='bbox 1059 644 1106 681; x_wconf 85' lang='lat' dir='ltr'>ad</span> <span class='ocrx_word' id='word_1_80' title='bbox 1139 643 1294 681; x_wconf 85' lang='lat' dir='ltr'>Cannas</span> <span class='ocrx_word' id='word_1_81' title='bbox 1314 644 1374 690; x_wconf 89' lang='lat' dir='ltr'>sit,</span> <span class='ocrx_word' id='word_1_82' title='bbox 1395 656 1485 681; x_wconf 90' lang='lat' dir='ltr'>con-</span> 
     </span>
     <span class='ocr_line' id='line_1_10' title="bbox 203 694 1486 745; baseline 0.001 -14"><span class='ocrx_word' id='word_1_83' title='bbox 203 701 228 717; x_wconf 90' lang='lat'>“</span> <span class='ocrx_word' id='word_1_84' title='bbox 242 702 387 744; x_wconf 86' lang='lat' dir='ltr'>stetque</span> <span class='ocrx_word' id='word_1_85' title='bbox 407 695 446 732; x_wconf 91' lang='lat' dir='ltr'>in</span> <span class='ocrx_word' id='word_1_86' title='bbox 466 694 680 732; x_wconf 84' lang='lat' dir='ltr'>defectione</span> <span class='ocrx_word' id='word_1_87' title='bbox 706 702 821 732; x_wconf 85' lang='lat' dir='ltr'>totam</span> <span class='ocrx_word' id='word_1_88' title='bbox 852 695 1000 732; x_wconf 85' lang='lat' dir='ltr'>Italiam</span> <span class='ocrx_word' id='word_1_89' title='bbox 1021 709 1125 742; x_wconf 86' lang='lat' dir='ltr'>esse;</span> <span class='ocrx_word' id='word_1_90' title='bbox 1169 695 1335 745; x_wconf 63' lang='lat' dir='ltr'>primum</span> <span class='ocrx_word' id='word_1_91' title='bbox 1355 696 1486 744; x_wconf 90' lang='lat' dir='ltr'>ecquis</span> 
     </span>
     <span class='ocr_line' id='line_1_11' title="bbox 159 747 1485 797; baseline 0.002 -15"><span class='ocrx_word' id='word_1_92' title='bbox 159 757 189 781; x_wconf 82' lang='lat'>10</span> <span class='ocrx_word' id='word_1_93' title='bbox 204 753 228 770; x_wconf 77' lang='lat'>‘⁵</span> <span class='ocrx_word' id='word_1_94' title='bbox 244 747 369 784; x_wconf 86' lang='lat' dir='ltr'>Latini</span> <span class='ocrx_word' id='word_1_95' title='bbox 389 747 553 785; x_wconf 90' lang='lat' dir='ltr'>nominis</span> <span class='ocrx_word' id='word_1_96' title='bbox 571 748 729 796; x_wconf 92' lang='lat' dir='ltr'>populus</span> <span class='ocrx_word' id='word_1_97' title='bbox 748 748 930 785; x_wconf 86' lang='lat' dir='ltr'>defecerit</span> <span class='ocrx_word' id='word_1_98' title='bbox 960 749 1006 785; x_wconf 89' lang='lat' dir='ltr'>ad</span> <span class='ocrx_word' id='word_1_99' title='bbox 1036 762 1104 786; x_wconf 92' lang='lat' dir='ltr'>nos</span> <span class='ocrx_word' id='word_1_100' title='bbox 1121 750 1135 785; x_wconf 78' lang='lat' dir='ltr'>‘l</span> <span class='ocrx_word' id='word_1_101' title='bbox 1183 748 1321 785; x_wconf 91' lang='lat' dir='ltr'>deinde</span> <span class='ocrx_word' id='word_1_102' title='bbox 1353 749 1485 797; x_wconf 91' lang='lat' dir='ltr'>ecquis</span> 
     </span>
     <span class='ocr_line' id='line_1_12' title="bbox 204 799 1484 850; baseline 0.001 -14"><span class='ocrx_word' id='word_1_103' title='bbox 204 799 368 847; x_wconf 83' lang='lat' dir='ltr'>“homo‚</span> <span class='ocrx_word' id='word_1_104' title='bbox 406 813 453 837; x_wconf 90' lang='lat' dir='ltr'>ex</span> <span class='ocrx_word' id='word_1_105' title='bbox 489 799 655 848; x_wconf 89' lang='lat' dir='ltr'>quinque</span> <span class='ocrx_word' id='word_1_106' title='bbox 687 807 724 837; x_wconf 88' lang='lat' dir='ltr'>et</span> <span class='ocrx_word' id='word_1_107' title='bbox 753 800 907 850; x_wconf 84' lang='lat' dir='ltr'>triginta</span> <span class='ocrx_word' id='word_1_108' title='bbox 934 801 1119 846; x_wconf 85' lang='lat' dir='ltr'>tribubus,</span> <span class='ocrx_word' id='word_1_109' title='bbox 1149 801 1196 837; x_wconf 91' lang='lat' dir='ltr'>ad</span> <span class='ocrx_word' id='word_1_110' title='bbox 1226 801 1484 838; x_wconf 85' lang='lat' dir='ltr'>Hannibalem</span> 
     </span>
     <span class='ocr_line' id='line_1_13' title="bbox 205 852 1486 903; baseline 0.002 -15"><span class='ocrx_word' id='word_1_111' title='bbox 205 858 228 875; x_wconf 91' lang='lat'><strong>“</strong></span> <span class='ocrx_word' id='word_1_112' title='bbox 243 852 513 902; x_wconf 79' lang='lat' dir='ltr'>transfugerit‘l</span> <span class='ocrx_word' id='word_1_113' title='bbox 530 852 551 869; x_wconf 82' lang='lat'>’¹</span> <span class='ocrx_word' id='word_1_114' title='bbox 607 852 741 892; x_wconf 78' lang='lat' dir='ltr'>Quum</span> <span class='ocrx_word' id='word_1_115' title='bbox 761 860 960 901; x_wconf 87' lang='lat' dir='ltr'>utrumque</span> <span class='ocrx_word' id='word_1_116' title='bbox 981 853 1097 903; x_wconf 83' lang='lat' dir='ltr'>Mago</span> <span class='ocrx_word' id='word_1_117' title='bbox 1116 853 1294 902; x_wconf 72' lang='lat' dir='ltr'>negasset</span> <span class='ocrx_word' id='word_1_118' title='bbox 1310 866 1319 897; x_wconf 85' lang='lat'><em>3</em></span> <span class='ocrx_word' id='word_1_119' title='bbox 1351 859 1374 876; x_wconf 87' lang='lat'><strong>“</strong></span> <span class='ocrx_word' id='word_1_120' title='bbox 1387 853 1486 890; x_wconf 86' lang='lat' dir='ltr'>Hos-</span> 
     </span>
     <span class='ocr_line' id='line_1_14' title="bbox 204 905 1486 954; baseline 0.001 -13"><span class='ocrx_word' id='word_1_121' title='bbox 204 905 336 941; x_wconf 89' lang='lat' dir='ltr'>“tium</span> <span class='ocrx_word' id='word_1_122' title='bbox 366 905 518 953; x_wconf 91' lang='lat' dir='ltr'>quidem</span> <span class='ocrx_word' id='word_1_123' title='bbox 548 906 676 954; x_wconf 83' lang='lat' dir='ltr'>ergo,’&#39;</span> <span class='ocrx_word' id='word_1_124' title='bbox 698 905 830 953; x_wconf 88' lang='lat' dir='ltr'>inquit,</span> <span class='ocrx_word' id='word_1_125' title='bbox 862 912 885 928; x_wconf 88' lang='lat'>“</span> <span class='ocrx_word' id='word_1_126' title='bbox 900 906 1025 942; x_wconf 89' lang='lat' dir='ltr'>adhuc</span> <span class='ocrx_word' id='word_1_127' title='bbox 1045 906 1158 942; x_wconf 90' lang='lat' dir='ltr'>nimis</span> <span class='ocrx_word' id='word_1_128' title='bbox 1179 905 1336 942; x_wconf 88' lang='lat' dir='ltr'>multum</span> <span class='ocrx_word' id='word_1_129' title='bbox 1358 918 1486 954; x_wconf 89' lang='lat' dir='ltr'>super-</span> 
     </span>
     <span class='ocr_line' id='line_1_15' title="bbox 202 956 1486 1007; baseline 0.001 -14"><span class='ocrx_word' id='word_1_130' title='bbox 202 958 226 979; x_wconf 87' lang='lat'><strong>“</strong></span> <span class='ocrx_word' id='word_1_131' title='bbox 241 964 297 993; x_wconf 84' lang='lat' dir='ltr'>est</span> <span class='ocrx_word' id='word_1_132' title='bbox 316 970 323 993; x_wconf 75' lang='grc' dir='ltr'>ε</span> <span class='ocrx_word' id='word_1_133' title='bbox 366 957 446 1000; x_wconf 83' lang='lat' dir='ltr'>sed,</span> <span class='ocrx_word' id='word_1_134' title='bbox 468 956 666 993; x_wconf 92' lang='lat' dir='ltr'>multitudo</span> <span class='ocrx_word' id='word_1_135' title='bbox 686 969 731 993; x_wconf 90' lang='lat' dir='ltr'>ea</span> <span class='ocrx_word' id='word_1_136' title='bbox 750 957 839 1005; x_wconf 91' lang='lat' dir='ltr'>quid</span> <span class='ocrx_word' id='word_1_137' title='bbox 860 957 1084 1005; x_wconf 85' lang='lat' dir='ltr'>animorum,</span> <span class='ocrx_word' id='word_1_138' title='bbox 1118 958 1254 1007; x_wconf 89' lang='lat' dir='ltr'>quidve</span> <span class='ocrx_word' id='word_1_139' title='bbox 1273 958 1353 1007; x_wconf 86' lang='lat' dir='ltr'>spei</span> <span class='ocrx_word' id='word_1_140' title='bbox 1373 958 1486 994; x_wconf 85' lang='lat' dir='ltr'>habe·</span> 
     </span>
     <span class='ocr_line' id='line_1_16' title="bbox 160 1008 584 1056; baseline 0 -11"><span class='ocrx_word' id='word_1_141' title='bbox 160 1008 228 1033; x_wconf 80' lang='lat'>¹5⁴⁴</span> <span class='ocrx_word' id='word_1_142' title='bbox 243 1019 293 1056; x_wconf 78' lang='lat' dir='ltr'>at,</span> <span class='ocrx_word' id='word_1_143' title='bbox 315 1008 412 1045; x_wconf 89' lang='lat' dir='ltr'>scire</span> <span class='ocrx_word' id='word_1_144' title='bbox 432 1008 584 1045; x_wconf 90' lang='lat' dir='ltr'>velim.’&#39;</span> 
     </span>
    </p>
   </div>
   <div class='ocr_carea' id='block_1_3' title="bbox 158 1113 1487 2470">
    <p class='ocr_par' dir='ltr' id='par_1_3' title="bbox 255 1113 1486 1164">
     <span class='ocr_line' id='line_1_17' title="bbox 255 1113 1486 1164; baseline 0.002 -14"><span class='ocrx_word' id='word_1_145' title='bbox 255 1113 372 1150; x_wconf 84' lang='lat' dir='ltr'>XIII.</span> <span class='ocrx_word' id='word_1_146' title='bbox 400 1113 549 1161; x_wconf 78' lang='lat' dir='ltr'>Quum,</span> <span class='ocrx_word' id='word_1_147' title='bbox 569 1114 606 1150; x_wconf 91' lang='lat' dir='ltr'>id</span> <span class='ocrx_word' id='word_1_148' title='bbox 627 1114 788 1161; x_wconf 87' lang='lat' dir='ltr'>nescire,</span> <span class='ocrx_word' id='word_1_149' title='bbox 810 1114 927 1164; x_wconf 85' lang='lat' dir='ltr'>Mago</span> <span class='ocrx_word' id='word_1_150' title='bbox 944 1115 1116 1161; x_wconf 83' lang='lat' dir='ltr'>diceret3</span> <span class='ocrx_word' id='word_1_151' title='bbox 1164 1121 1188 1138; x_wconf 82' lang='lat'><strong>“</strong></span> <span class='ocrx_word' id='word_1_152' title='bbox 1202 1115 1309 1152; x_wconf 94' lang='lat' dir='ltr'>Nihil</span> <span class='ocrx_word' id='word_1_153' title='bbox 1337 1114 1486 1152; x_wconf 85' lang='lat' dir='ltr'>facilius</span> 
     </span>
    </p>

    <p class='ocr_par' dir='ltr' id='par_1_4' title="bbox 158 1165 1486 1426">
     <span class='ocr_line' id='line_1_18' title="bbox 205 1165 1486 1215; baseline 0.002 -13"><span class='ocrx_word' id='word_1_154' title='bbox 205 1172 231 1189; x_wconf 88' lang='lat'><strong>“</strong></span> <span class='ocrx_word' id='word_1_155' title='bbox 245 1166 341 1202; x_wconf 87' lang='lat' dir='ltr'>scitu</span> <span class='ocrx_word' id='word_1_156' title='bbox 361 1167 454 1211; x_wconf 88' lang='lat' dir='ltr'>est,’&#39;</span> <span class='ocrx_word' id='word_1_157' title='bbox 476 1165 608 1215; x_wconf 88' lang='lat' dir='ltr'>inquit.</span> <span class='ocrx_word' id='word_1_158' title='bbox 667 1173 689 1189; x_wconf 76' lang='lat'>‘⁴</span> <span class='ocrx_word' id='word_1_159' title='bbox 704 1167 856 1215; x_wconf 88' lang='lat' dir='ltr'>Ecquos</span> <span class='ocrx_word' id='word_1_160' title='bbox 875 1167 1019 1215; x_wconf 86' lang='lat' dir='ltr'>legatos</span> <span class='ocrx_word' id='word_1_161' title='bbox 1042 1168 1089 1204; x_wconf 88' lang='lat' dir='ltr'>ad</span> <span class='ocrx_word' id='word_1_162' title='bbox 1121 1167 1377 1204; x_wconf 90' lang='lat' dir='ltr'>Hannibalem</span> <span class='ocrx_word' id='word_1_163' title='bbox 1407 1168 1486 1205; x_wconf 88' lang='lat' dir='ltr'>Ro-</span> 
     </span>
     <span class='ocr_line' id='line_1_19' title="bbox 204 1218 1485 1268; baseline 0.002 -14"><span class='ocrx_word' id='word_1_164' title='bbox 204 1224 228 1241; x_wconf 82' lang='lat'><strong>“</strong></span> <span class='ocrx_word' id='word_1_165' title='bbox 242 1218 344 1254; x_wconf 86' lang='lat' dir='ltr'>mani</span> <span class='ocrx_word' id='word_1_166' title='bbox 382 1218 564 1256; x_wconf 88' lang='lat' dir='ltr'>miserunt</span> <span class='ocrx_word' id='word_1_167' title='bbox 592 1219 639 1256; x_wconf 89' lang='lat' dir='ltr'>de</span> <span class='ocrx_word' id='word_1_168' title='bbox 677 1231 771 1268; x_wconf 87' lang='lat' dir='ltr'>pace</span> <span class='ocrx_word' id='word_1_169' title='bbox 789 1221 802 1255; x_wconf 68' lang='lat'><strong>2</strong></span> <span class='ocrx_word' id='word_1_170' title='bbox 850 1232 1009 1268; x_wconf 86' lang='lat' dir='ltr'>ecquam</span> <span class='ocrx_word' id='word_1_171' title='bbox 1047 1220 1210 1268; x_wconf 90' lang='lat' dir='ltr'>denique</span> <span class='ocrx_word' id='word_1_172' title='bbox 1252 1220 1485 1257; x_wconf 82' lang='lat' dir='ltr'>mentionem</span> 
     </span>
     <span class='ocr_line' id='line_1_20' title="bbox 204 1271 1484 1319; baseline 0.002 -12"><span class='ocrx_word' id='word_1_173' title='bbox 204 1278 228 1294; x_wconf 77' lang='lat'>‘⁴</span> <span class='ocrx_word' id='word_1_174' title='bbox 243 1271 347 1319; x_wconf 86' lang='lat' dir='ltr'>pacis</span> <span class='ocrx_word' id='word_1_175' title='bbox 367 1271 502 1308; x_wconf 87' lang='lat' dir='ltr'>Romae</span> <span class='ocrx_word' id='word_1_176' title='bbox 522 1271 659 1308; x_wconf 89' lang='lat' dir='ltr'>factam</span> <span class='ocrx_word' id='word_1_177' title='bbox 678 1284 774 1315; x_wconf 87' lang='lat' dir='ltr'>esse,</span> <span class='ocrx_word' id='word_1_178' title='bbox 795 1272 946 1308; x_wconf 86' lang='lat' dir='ltr'>allatum</span> <span class='ocrx_word' id='word_1_179' title='bbox 968 1272 1014 1308; x_wconf 89' lang='lat' dir='ltr'>ad</span> <span class='ocrx_word' id='word_1_180' title='bbox 1034 1284 1098 1309; x_wconf 89' lang='lat' dir='ltr'>vos</span> <span class='ocrx_word' id='word_1_181' title='bbox 1116 1279 1172 1309; x_wconf 86' lang='lat' dir='ltr'>est</span> <span class='ocrx_word' id='word_1_182' title='bbox 1185 1273 1199 1308; x_wconf 71' lang='grc' dir='ltr'>Ἰ</span> <span class='ocrx_word' id='word_1_183' title='bbox 1214 1272 1237 1288; x_wconf 86' lang='grc'><strong><em>”</em></strong></span> <span class='ocrx_word' id='word_1_184' title='bbox 1291 1271 1427 1311; x_wconf 81' lang='lat' dir='ltr'>Quum</span> <span class='ocrx_word' id='word_1_185' title='bbox 1447 1272 1484 1309; x_wconf 94' lang='lat' dir='ltr'>id</span> 
     </span>
     <span class='ocr_line' id='line_1_21' title="bbox 158 1324 1483 1375; baseline 0.002 -17"><span class='ocrx_word' id='word_1_186' title='bbox 158 1332 190 1358; x_wconf 79' lang='lat'>20</span> <span class='ocrx_word' id='word_1_187' title='bbox 203 1336 350 1372; x_wconf 88' lang='lat' dir='ltr'>quoque</span> <span class='ocrx_word' id='word_1_188' title='bbox 371 1324 561 1374; x_wconf 70' lang='lat' dir='ltr'>negasset,</span> <span class='ocrx_word' id='word_1_189' title='bbox 595 1331 619 1347; x_wconf 86' lang='lat'>“</span> <span class='ocrx_word' id='word_1_190' title='bbox 637 1324 783 1361; x_wconf 90' lang='lat' dir='ltr'>Bellum</span> <span class='ocrx_word' id='word_1_191' title='bbox 805 1324 959 1374; x_wconf 85' lang='lat' dir='ltr'>igitur‚&#39;’</span> <span class='ocrx_word' id='word_1_192' title='bbox 982 1324 1113 1373; x_wconf 90' lang='lat' dir='ltr'>inquit,</span> <span class='ocrx_word' id='word_1_193' title='bbox 1149 1331 1263 1361; x_wconf 86' lang='lat' dir='ltr'>“tam</span> <span class='ocrx_word' id='word_1_194' title='bbox 1293 1324 1483 1375; x_wconf 83' lang='lat' dir='ltr'>integrum</span> 
     </span>
     <span class='ocr_line' id='line_1_22' title="bbox 205 1375 1486 1426; baseline 0.001 -14"><span class='ocrx_word' id='word_1_195' title='bbox 205 1383 229 1399; x_wconf 85' lang='lat'>“</span> <span class='ocrx_word' id='word_1_196' title='bbox 243 1376 440 1424; x_wconf 83' lang='lat' dir='ltr'>habemus,</span> <span class='ocrx_word' id='word_1_197' title='bbox 459 1375 571 1425; x_wconf 71' lang='lat' dir='ltr'>quam</span> <span class='ocrx_word' id='word_1_198' title='bbox 591 1376 802 1422; x_wconf 81' lang='lat' dir='ltr'>habuimus,</span> <span class='ocrx_word' id='word_1_199' title='bbox 823 1378 893 1426; x_wconf 70' lang='lat' dir='ltr'>qua</span> <span class='ocrx_word' id='word_1_200' title='bbox 914 1377 975 1413; x_wconf 89' lang='lat' dir='ltr'>die</span> <span class='ocrx_word' id='word_1_201' title='bbox 996 1376 1190 1414; x_wconf 83' lang='lat' dir='ltr'>Hannibal</span> <span class='ocrx_word' id='word_1_202' title='bbox 1206 1377 1244 1414; x_wconf 88' lang='lat' dir='ltr'>in</span> <span class='ocrx_word' id='word_1_203' title='bbox 1265 1376 1413 1413; x_wconf 84' lang='lat' dir='ltr'>Italiam</span> <span class='ocrx_word' id='word_1_204' title='bbox 1429 1383 1486 1414; x_wconf 88' lang='lat' dir='ltr'>est</span> 
     </span>
    </p>

    <p class='ocr_par' dir='ltr' id='par_1_5' title="bbox 205 1428 1486 1479">
     <span class='ocr_line' id='line_1_23' title="bbox 205 1428 1486 1479; baseline 0.001 -14"><span class='ocrx_word' id='word_1_205' title='bbox 205 1434 229 1451; x_wconf 88' lang='lat'>“</span> <span class='ocrx_word' id='word_1_206' title='bbox 242 1435 509 1478; x_wconf 86' lang='lat' dir='ltr'>transgressus.</span> <span class='ocrx_word' id='word_1_207' title='bbox 563 1428 695 1469; x_wconf 71' lang='lat' dir='ltr'>Quam</span> <span class='ocrx_word' id='word_1_208' title='bbox 732 1430 833 1466; x_wconf 88' lang='lat' dir='ltr'>varia</span> <span class='ocrx_word' id='word_1_209' title='bbox 870 1429 1025 1466; x_wconf 89' lang='lat' dir='ltr'>victoria</span> <span class='ocrx_word' id='word_1_210' title='bbox 1052 1430 1174 1479; x_wconf 86' lang='lat' dir='ltr'>priore</span> <span class='ocrx_word' id='word_1_211' title='bbox 1211 1429 1359 1466; x_wconf 83' lang='lat' dir='ltr'>Punico</span> <span class='ocrx_word' id='word_1_212' title='bbox 1388 1429 1486 1466; x_wconf 92' lang='lat' dir='ltr'>bello</span> 
     </span>
    </p>

    <p class='ocr_par' dir='ltr' id='par_1_6' title="bbox 207 1480 1484 1531">
     <span class='ocr_line' id='line_1_24' title="bbox 207 1480 1484 1531; baseline 0.002 -15"><span class='ocrx_word' id='word_1_213' title='bbox 207 1487 231 1503; x_wconf 81' lang='lat'>‘⁴</span> <span class='ocrx_word' id='word_1_214' title='bbox 246 1480 366 1527; x_wconf 88' lang='lat' dir='ltr'>suerit,</span> <span class='ocrx_word' id='word_1_215' title='bbox 387 1480 566 1530; x_wconf 88' lang='lat' dir='ltr'>plerique,</span> <span class='ocrx_word' id='word_1_216' title='bbox 589 1481 652 1530; x_wconf 92' lang='lat' dir='ltr'>qui</span> <span class='ocrx_word' id='word_1_217' title='bbox 673 1481 970 1529; x_wconf 86' lang='lat' dir='ltr'>meminerimus,</span> <span class='ocrx_word' id='word_1_218' title='bbox 990 1494 1256 1531; x_wconf 88' lang='lat' dir='ltr'>supersumus:</span> <span class='ocrx_word' id='word_1_219' title='bbox 1290 1494 1484 1530; x_wconf 88' lang='lat' dir='ltr'>nunquam</span> 
     </span>
    </p>

    <p class='ocr_par' dir='ltr' id='par_1_7' title="bbox 159 1533 1486 1741">
     <span class='ocr_line' id='line_1_25' title="bbox 205 1533 1484 1582; baseline 0.001 -13"><span class='ocrx_word' id='word_1_220' title='bbox 205 1539 230 1556; x_wconf 76' lang='lat'>‘⁸</span> <span class='ocrx_word' id='word_1_221' title='bbox 245 1533 343 1570; x_wconf 73' lang='lat' dir='ltr'>terra</span> <span class='ocrx_word' id='word_1_222' title='bbox 364 1533 531 1582; x_wconf 89' lang='lat' dir='ltr'>marique</span> <span class='ocrx_word' id='word_1_223' title='bbox 551 1533 671 1582; x_wconf 86' lang='lat' dir='ltr'>magis</span> <span class='ocrx_word' id='word_1_224' title='bbox 695 1546 882 1582; x_wconf 69' lang='lat' dir='ltr'>prosperae</span> <span class='ocrx_word' id='word_1_225' title='bbox 902 1546 961 1571; x_wconf 87' lang='lat' dir='ltr'>res</span> <span class='ocrx_word' id='word_1_226' title='bbox 981 1541 1117 1572; x_wconf 86' lang='lat' dir='ltr'>nostrae</span> <span class='ocrx_word' id='word_1_227' title='bbox 1137 1534 1228 1570; x_wconf 83' lang='lat' dir='ltr'>visae</span> <span class='ocrx_word' id='word_1_228' title='bbox 1250 1541 1351 1577; x_wconf 92' lang='lat' dir='ltr'>sunt,</span> <span class='ocrx_word' id='word_1_229' title='bbox 1372 1534 1484 1581; x_wconf 68' lang='lat' dir='ltr'>quam</span> 
     </span>
     <span class='ocr_line' id='line_1_26' title="bbox 159 1585 1486 1624; baseline 0.002 -4"><span class='ocrx_word' id='word_1_230' title='bbox 159 1593 192 1619; x_wconf 79' lang='lat'>25</span> <span class='ocrx_word' id='word_1_231' title='bbox 206 1591 229 1607; x_wconf 90' lang='lat'>“</span> <span class='ocrx_word' id='word_1_232' title='bbox 243 1593 330 1622; x_wconf 85' lang='lat' dir='ltr'>ante</span> <span class='ocrx_word' id='word_1_233' title='bbox 349 1585 525 1623; x_wconf 85' lang='lat' dir='ltr'>consules</span> <span class='ocrx_word' id='word_1_234' title='bbox 545 1586 589 1623; x_wconf 89' lang='lat' dir='ltr'>C.</span> <span class='ocrx_word' id='word_1_235' title='bbox 610 1586 804 1623; x_wconf 87' lang='lat' dir='ltr'>Lutatium</span> <span class='ocrx_word' id='word_1_236' title='bbox 825 1593 862 1623; x_wconf 89' lang='lat' dir='ltr'>et</span> <span class='ocrx_word' id='word_1_237' title='bbox 881 1586 929 1623; x_wconf 89' lang='lat' dir='ltr'>A.</span> <span class='ocrx_word' id='word_1_238' title='bbox 951 1585 1186 1624; x_wconf 87' lang='lat' dir='ltr'>Postumium</span> <span class='ocrx_word' id='word_1_239' title='bbox 1203 1585 1366 1623; x_wconf 84' lang='lat' dir='ltr'>fuerunt.</span> <span class='ocrx_word' id='word_1_240' title='bbox 1410 1585 1486 1622; x_wconf 91' lang='lat' dir='ltr'>Lu-</span> 
     </span>
     <span class='ocr_line' id='line_1_27' title="bbox 206 1637 1486 1688; baseline 0.002 -16"><span class='ocrx_word' id='word_1_241' title='bbox 206 1637 333 1674; x_wconf 85' lang='lat' dir='ltr'>“tatio</span> <span class='ocrx_word' id='word_1_242' title='bbox 365 1644 403 1674; x_wconf 90' lang='lat' dir='ltr'>et</span> <span class='ocrx_word' id='word_1_243' title='bbox 431 1637 623 1675; x_wconf 88' lang='lat' dir='ltr'>Postumio</span> <span class='ocrx_word' id='word_1_244' title='bbox 651 1639 884 1682; x_wconf 88' lang='lat' dir='ltr'>consulibus,</span> <span class='ocrx_word' id='word_1_245' title='bbox 911 1639 1050 1676; x_wconf 90' lang='lat' dir='ltr'>devicti</span> <span class='ocrx_word' id='word_1_246' title='bbox 1080 1639 1126 1675; x_wconf 85' lang='lat' dir='ltr'>ad</span> <span class='ocrx_word' id='word_1_247' title='bbox 1156 1639 1315 1688; x_wconf 86' lang='lat' dir='ltr'>AEgates</span> <span class='ocrx_word' id='word_1_248' title='bbox 1343 1638 1486 1675; x_wconf 86' lang='lat' dir='ltr'>insulas</span> 
     </span>
     <span class='ocr_line' id='line_1_28' title="bbox 207 1688 1486 1741; baseline 0.002 -16"><span class='ocrx_word' id='word_1_249' title='bbox 207 1695 231 1712; x_wconf 78' lang='lat'>‘⁶</span> <span class='ocrx_word' id='word_1_250' title='bbox 244 1701 384 1726; x_wconf 83' lang='lat' dir='ltr'>sumus.</span> <span class='ocrx_word' id='word_1_251' title='bbox 439 1688 558 1729; x_wconf 66' lang='lat' dir='ltr'>Quod</span> <span class='ocrx_word' id='word_1_252' title='bbox 577 1690 608 1726; x_wconf 92' lang='lat' dir='ltr'>si</span> <span class='ocrx_word' id='word_1_253' title='bbox 630 1690 685 1739; x_wconf 92' lang='lat' dir='ltr'>(id</span> <span class='ocrx_word' id='word_1_254' title='bbox 705 1691 803 1739; x_wconf 90' lang='lat' dir='ltr'>quod</span> <span class='ocrx_word' id='word_1_255' title='bbox 823 1690 887 1728; x_wconf 92' lang='lat' dir='ltr'>Dii</span> <span class='ocrx_word' id='word_1_256' title='bbox 907 1704 1019 1728; x_wconf 89' lang='lat' dir='ltr'>omen</span> <span class='ocrx_word' id='word_1_257' title='bbox 1040 1698 1208 1728; x_wconf 85' lang='lat' dir='ltr'>avertant</span> <span class='ocrx_word' id='word_1_258' title='bbox 1224 1692 1252 1741; x_wconf 86' lang='lat'>!)</span> <span class='ocrx_word' id='word_1_259' title='bbox 1273 1703 1378 1727; x_wconf 88' lang='lat' dir='ltr'>nunc</span> <span class='ocrx_word' id='word_1_260' title='bbox 1396 1702 1486 1739; x_wconf 91' lang='lat' dir='ltr'>quo-</span> 
     </span>
    </p>

    <p class='ocr_par' dir='ltr' id='par_1_8' title="bbox 207 1741 1485 1792">
     <span class='ocr_line' id='line_1_29' title="bbox 207 1741 1485 1792; baseline 0 -14"><span class='ocrx_word' id='word_1_261' title='bbox 207 1747 231 1765; x_wconf 87' lang='lat'><strong>“</strong></span> <span class='ocrx_word' id='word_1_262' title='bbox 244 1754 315 1790; x_wconf 87' lang='lat' dir='ltr'>que</span> <span class='ocrx_word' id='word_1_263' title='bbox 337 1741 483 1779; x_wconf 90' lang='lat' dir='ltr'>fortuna</span> <span class='ocrx_word' id='word_1_264' title='bbox 504 1742 644 1791; x_wconf 90' lang='lat' dir='ltr'>aliquid</span> <span class='ocrx_word' id='word_1_265' title='bbox 663 1743 884 1787; x_wconf 86' lang='lat' dir='ltr'>variaverit;</span> <span class='ocrx_word' id='word_1_266' title='bbox 928 1750 1008 1779; x_wconf 91' lang='lat' dir='ltr'>tum</span> <span class='ocrx_word' id='word_1_267' title='bbox 1027 1756 1161 1792; x_wconf 86' lang='lat' dir='ltr'>pacem</span> <span class='ocrx_word' id='word_1_268' title='bbox 1181 1742 1349 1791; x_wconf 85' lang='lat' dir='ltr'>speratis,</span> <span class='ocrx_word' id='word_1_269' title='bbox 1369 1755 1485 1790; x_wconf 90' lang='lat' dir='ltr'>quum</span> 
     </span>
    </p>

    <p class='ocr_par' dir='ltr' id='par_1_9' title="bbox 160 1794 1487 2470">
     <span class='ocr_line' id='line_1_30' title="bbox 207 1794 1483 1843; baseline 0.002 -14"><span class='ocrx_word' id='word_1_270' title='bbox 207 1800 231 1817; x_wconf 87' lang='lat'><strong>“</strong></span> <span class='ocrx_word' id='word_1_271' title='bbox 246 1795 453 1841; x_wconf 84' lang='lat' dir='ltr'>vincemur,</span> <span class='ocrx_word' id='word_1_272' title='bbox 473 1807 585 1843; x_wconf 87' lang='lat' dir='ltr'>quam</span> <span class='ocrx_word' id='word_1_273' title='bbox 605 1807 721 1840; x_wconf 89' lang='lat' dir='ltr'>nunc,</span> <span class='ocrx_word' id='word_1_274' title='bbox 742 1807 857 1843; x_wconf 90' lang='lat' dir='ltr'>quum</span> <span class='ocrx_word' id='word_1_275' title='bbox 878 1795 1078 1838; x_wconf 87' lang='lat' dir='ltr'>vincimus,</span> <span class='ocrx_word' id='word_1_276' title='bbox 1109 1795 1173 1831; x_wconf 87' lang='lat' dir='ltr'>dat</span> <span class='ocrx_word' id='word_1_277' title='bbox 1192 1795 1332 1831; x_wconf 76' lang='lat' dir='ltr'>nemo‘l</span> <span class='ocrx_word' id='word_1_278' title='bbox 1388 1794 1483 1843; x_wconf 83' lang='lat' dir='ltr'>Ego,</span> 
     </span>
     <span class='ocr_line' id='line_1_31' title="bbox 161 1846 1486 1895; baseline 0.002 -14"><span class='ocrx_word' id='word_1_279' title='bbox 161 1854 194 1880; x_wconf 71' lang='lat' dir='ltr'>ao</span> <span class='ocrx_word' id='word_1_280' title='bbox 207 1852 230 1869; x_wconf 74' lang='lat'>‘⁴</span> <span class='ocrx_word' id='word_1_281' title='bbox 243 1846 274 1882; x_wconf 89' lang='lat' dir='ltr'>si</span> <span class='ocrx_word' id='word_1_282' title='bbox 293 1846 376 1894; x_wconf 92' lang='lat' dir='ltr'>quis</span> <span class='ocrx_word' id='word_1_283' title='bbox 395 1846 441 1883; x_wconf 90' lang='lat' dir='ltr'>de</span> <span class='ocrx_word' id='word_1_284' title='bbox 460 1859 553 1895; x_wconf 89' lang='lat' dir='ltr'>pace</span> <span class='ocrx_word' id='word_1_285' title='bbox 574 1847 757 1891; x_wconf 89' lang='lat' dir='ltr'>consulet,</span> <span class='ocrx_word' id='word_1_286' title='bbox 787 1859 854 1883; x_wconf 89' lang='lat' dir='ltr'>seu</span> <span class='ocrx_word' id='word_1_287' title='bbox 888 1847 1091 1884; x_wconf 63' lang='lat' dir='ltr'>deferenda</span> <span class='ocrx_word' id='word_1_288' title='bbox 1124 1847 1306 1893; x_wconf 86' lang='lat' dir='ltr'>hostibus,</span> <span class='ocrx_word' id='word_1_289' title='bbox 1339 1859 1406 1883; x_wconf 88' lang='lat' dir='ltr'>seu</span> <span class='ocrx_word' id='word_1_290' title='bbox 1426 1859 1486 1883; x_wconf 85' lang='lat' dir='ltr'>ac-</span> 
     </span>
     <span class='ocr_line' id='line_1_32' title="bbox 206 1898 1484 1947; baseline 0.001 -13"><span class='ocrx_word' id='word_1_291' title='bbox 206 1898 432 1947; x_wconf 70' lang='lat' dir='ltr'>“cipienda,</span> <span class='ocrx_word' id='word_1_292' title='bbox 466 1899 600 1945; x_wconf 88' lang='lat' dir='ltr'>habeo,</span> <span class='ocrx_word' id='word_1_293' title='bbox 632 1899 722 1946; x_wconf 91' lang='lat' dir='ltr'>quid</span> <span class='ocrx_word' id='word_1_294' title='bbox 752 1899 948 1935; x_wconf 85' lang='lat' dir='ltr'>sententiae</span> <span class='ocrx_word' id='word_1_295' title='bbox 979 1899 1126 1935; x_wconf 87' lang='lat' dir='ltr'>dicam:</span> <span class='ocrx_word' id='word_1_296' title='bbox 1174 1899 1204 1935; x_wconf 90' lang='lat' dir='ltr'>si</span> <span class='ocrx_word' id='word_1_297' title='bbox 1238 1899 1285 1935; x_wconf 93' lang='lat' dir='ltr'>de</span> <span class='ocrx_word' id='word_1_298' title='bbox 1315 1898 1372 1942; x_wconf 90' lang='lat' dir='ltr'>iis,</span> <span class='ocrx_word' id='word_1_299' title='bbox 1402 1911 1484 1947; x_wconf 68' lang='lat' dir='ltr'>quae</span> 
     </span>
     <span class='ocr_line' id='line_1_33' title="bbox 206 1949 1483 1999; baseline 0 -12"><span class='ocrx_word' id='word_1_300' title='bbox 206 1955 231 1973; x_wconf 74' lang='lat'>‘⁶</span> <span class='ocrx_word' id='word_1_301' title='bbox 244 1949 361 1999; x_wconf 85' lang='lat' dir='ltr'>Mago</span> <span class='ocrx_word' id='word_1_302' title='bbox 381 1951 554 1999; x_wconf 89' lang='lat' dir='ltr'>postulat,</span> <span class='ocrx_word' id='word_1_303' title='bbox 575 1950 735 1997; x_wconf 85' lang='lat' dir='ltr'>refertis,</span> <span class='ocrx_word' id='word_1_304' title='bbox 756 1963 828 1987; x_wconf 88' lang='lat' dir='ltr'>nec</span> <span class='ocrx_word' id='word_1_305' title='bbox 848 1951 1052 1988; x_wconf 87' lang='lat' dir='ltr'>victoribus</span> <span class='ocrx_word' id='word_1_306' title='bbox 1071 1951 1167 1988; x_wconf 89' lang='lat' dir='ltr'>mitti</span> <span class='ocrx_word' id='word_1_307' title='bbox 1188 1951 1348 1988; x_wconf 88' lang='lat' dir='ltr'>attinere</span> <span class='ocrx_word' id='word_1_308' title='bbox 1368 1958 1458 1999; x_wconf 89' lang='lat' dir='ltr'>puto</span> <span class='ocrx_word' id='word_1_309' title='bbox 1475 1965 1483 1996; x_wconf 86' lang='lat'>;</span> 
     </span>
     <span class='ocr_line' id='line_1_34' title="bbox 206 2002 1485 2052; baseline 0 -13"><span class='ocrx_word' id='word_1_310' title='bbox 206 2008 282 2039; x_wconf 88' lang='lat' dir='ltr'>“et</span> <span class='ocrx_word' id='word_1_311' title='bbox 309 2003 572 2040; x_wconf 83' lang='lat' dir='ltr'>frustrantibus</span> <span class='ocrx_word' id='word_1_312' title='bbox 600 2015 669 2039; x_wconf 91' lang='lat' dir='ltr'>nos</span> <span class='ocrx_word' id='word_1_313' title='bbox 697 2002 789 2039; x_wconf 65' lang='lat' dir='ltr'>falsa</span> <span class='ocrx_word' id='word_1_314' title='bbox 832 2010 942 2051; x_wconf 84' lang='lat' dir='ltr'>atque</span> <span class='ocrx_word' id='word_1_315' title='bbox 975 2003 1079 2040; x_wconf 84' lang='lat' dir='ltr'>inani</span> <span class='ocrx_word' id='word_1_316' title='bbox 1111 2015 1176 2052; x_wconf 86' lang='lat' dir='ltr'>spe</span> <span class='ocrx_word' id='word_1_317' title='bbox 1206 2002 1324 2039; x_wconf 77' lang='lat' dir='ltr'>multo</span> <span class='ocrx_word' id='word_1_318' title='bbox 1354 2003 1485 2040; x_wconf 68' lang='lat' dir='ltr'>minsis</span> 
     </span>
     <span class='ocr_line' id='line_1_35' title="bbox 207 2055 1485 2092; baseline 0.001 -1"><span class='ocrx_word' id='word_1_319' title='bbox 207 2061 384 2092; x_wconf 88' lang='lat' dir='ltr'>“censeo</span> <span class='ocrx_word' id='word_1_320' title='bbox 415 2055 600 2092; x_wconf 86' lang='lat' dir='ltr'>mittenda</span> <span class='ocrx_word' id='word_1_321' title='bbox 635 2056 757 2091; x_wconf 86' lang='lat' dir='ltr'>esse.&#39;&#39;</span> <span class='ocrx_word' id='word_1_322' title='bbox 825 2055 938 2092; x_wconf 87' lang='lat' dir='ltr'>Haud</span> <span class='ocrx_word' id='word_1_323' title='bbox 974 2055 1112 2092; x_wconf 87' lang='lat' dir='ltr'>multos</span> <span class='ocrx_word' id='word_1_324' title='bbox 1140 2055 1254 2092; x_wconf 86' lang='lat' dir='ltr'>movit</span> <span class='ocrx_word' id='word_1_325' title='bbox 1282 2055 1485 2092; x_wconf 87' lang='lat' dir='ltr'>Hannonis</span> 
     </span>
     <span class='ocr_line' id='line_1_36' title="bbox 160 2107 1483 2145; baseline 0.003 -5"><span class='ocrx_word' id='word_1_326' title='bbox 160 2107 349 2145; x_wconf 75' lang='lat' dir='ltr'>350ratio:</span> <span class='ocrx_word' id='word_1_327' title='bbox 394 2119 482 2143; x_wconf 90' lang='lat' dir='ltr'>nam</span> <span class='ocrx_word' id='word_1_328' title='bbox 519 2114 557 2143; x_wconf 87' lang='lat' dir='ltr'>et</span> <span class='ocrx_word' id='word_1_329' title='bbox 592 2107 761 2144; x_wconf 91' lang='lat' dir='ltr'>simultas</span> <span class='ocrx_word' id='word_1_330' title='bbox 798 2120 884 2144; x_wconf 89' lang='lat' dir='ltr'>cum</span> <span class='ocrx_word' id='word_1_331' title='bbox 930 2107 1071 2144; x_wconf 70' lang='lat' dir='ltr'>familia</span> <span class='ocrx_word' id='word_1_332' title='bbox 1110 2107 1275 2144; x_wconf 71' lang='lat' dir='ltr'>Barcina</span> <span class='ocrx_word' id='word_1_333' title='bbox 1307 2107 1483 2144; x_wconf 87' lang='lat' dir='ltr'>leviorem</span> 
     </span>
     <span class='ocr_line' id='line_1_37' title="bbox 206 2159 1483 2208; baseline 0.001 -13"><span class='ocrx_word' id='word_1_334' title='bbox 206 2166 397 2196; x_wconf 89' lang='lat' dir='ltr'>auctorem</span> <span class='ocrx_word' id='word_1_335' title='bbox 419 2159 592 2206; x_wconf 84' lang='lat' dir='ltr'>faciebat,</span> <span class='ocrx_word' id='word_1_336' title='bbox 625 2166 663 2196; x_wconf 83' lang='lat' dir='ltr'>et</span> <span class='ocrx_word' id='word_1_337' title='bbox 694 2160 870 2208; x_wconf 90' lang='lat' dir='ltr'>occupati</span> <span class='ocrx_word' id='word_1_338' title='bbox 891 2159 1006 2196; x_wconf 91' lang='lat' dir='ltr'>animi</span> <span class='ocrx_word' id='word_1_339' title='bbox 1026 2159 1200 2208; x_wconf 84' lang='lat' dir='ltr'>praesenti</span> <span class='ocrx_word' id='word_1_340' title='bbox 1221 2159 1348 2196; x_wconf 64' lang='lat' dir='ltr'>laetitifi</span> <span class='ocrx_word' id='word_1_341' title='bbox 1376 2159 1483 2203; x_wconf 89' lang='lat' dir='ltr'>nihil,</span> 
     </span>
     <span class='ocr_line' id='line_1_38' title="bbox 206 2211 1468 2260; baseline 0.001 -13"><span class='ocrx_word' id='word_1_342' title='bbox 206 2224 280 2259; x_wconf 88' lang='lat' dir='ltr'>quo</span> <span class='ocrx_word' id='word_1_343' title='bbox 299 2211 431 2247; x_wconf 88' lang='lat' dir='ltr'>vanius</span> <span class='ocrx_word' id='word_1_344' title='bbox 450 2211 555 2248; x_wconf 89' lang='lat' dir='ltr'>fieret</span> <span class='ocrx_word' id='word_1_345' title='bbox 573 2212 754 2260; x_wconf 87' lang='lat' dir='ltr'>gaudium</span> <span class='ocrx_word' id='word_1_346' title='bbox 783 2225 906 2256; x_wconf 88' lang='lat' dir='ltr'>suum,</span> <span class='ocrx_word' id='word_1_347' title='bbox 934 2212 1086 2248; x_wconf 88' lang='lat' dir='ltr'>auribus</span> <span class='ocrx_word' id='word_1_348' title='bbox 1106 2211 1353 2248; x_wconf 85' lang='lat' dir='ltr'>admittebant</span> <span class='ocrx_word' id='word_1_349' title='bbox 1370 2224 1378 2248; x_wconf 75' lang='grc' dir='ltr'>ε</span> <span class='ocrx_word' id='word_1_350' title='bbox 1422 2212 1468 2248; x_wconf 93' lang='lat' dir='ltr'>de</span> 
     </span>
     <span class='ocr_line' id='line_1_39' title="bbox 207 2263 1486 2313; baseline 0 -14"><span class='ocrx_word' id='word_1_351' title='bbox 207 2263 460 2311; x_wconf 87' lang='lat' dir='ltr'>bellatumque</span> <span class='ocrx_word' id='word_1_352' title='bbox 480 2276 566 2300; x_wconf 84' lang='lat' dir='ltr'>mox</span> <span class='ocrx_word' id='word_1_353' title='bbox 585 2263 675 2307; x_wconf 89' lang='lat' dir='ltr'>fore,</span> <span class='ocrx_word' id='word_1_354' title='bbox 696 2264 726 2300; x_wconf 88' lang='lat' dir='ltr'>si</span> <span class='ocrx_word' id='word_1_355' title='bbox 747 2264 866 2301; x_wconf 88' lang='lat' dir='ltr'>anniti</span> <span class='ocrx_word' id='word_1_356' title='bbox 900 2264 1093 2313; x_wconf 78' lang='lat' dir='ltr'>paululum</span> <span class='ocrx_word' id='word_1_357' title='bbox 1118 2264 1334 2307; x_wconf 80' lang='lat' dir='ltr'>voluissent,</span> <span class='ocrx_word' id='word_1_358' title='bbox 1354 2263 1486 2300; x_wconf 87' lang='lat' dir='ltr'>reban—</span> 
     </span>
     <span class='ocr_line' id='line_1_40' title="bbox 207 2315 1485 2364; baseline -0.001 -12"><span class='ocrx_word' id='word_1_359' title='bbox 207 2323 279 2352; x_wconf 89' lang='lat' dir='ltr'>tur.</span> <span class='ocrx_word' id='word_1_360' title='bbox 336 2315 466 2363; x_wconf 88' lang='lat' dir='ltr'>Itaque</span> <span class='ocrx_word' id='word_1_361' title='bbox 487 2315 631 2364; x_wconf 86' lang='lat' dir='ltr'>ingenti</span> <span class='ocrx_word' id='word_1_362' title='bbox 651 2329 839 2353; x_wconf 88' lang='lat' dir='ltr'>consensu</span> <span class='ocrx_word' id='word_1_363' title='bbox 860 2316 899 2353; x_wconf 82' lang='lat' dir='ltr'>fit</span> <span class='ocrx_word' id='word_1_364' title='bbox 912 2316 1308 2363; x_wconf 67' lang='lat' dir='ltr'>senatus-consultum,</span> <span class='ocrx_word' id='word_1_365' title='bbox 1325 2322 1365 2352; x_wconf 92' lang='lat' dir='ltr'>ut</span> <span class='ocrx_word' id='word_1_366' title='bbox 1380 2315 1485 2351; x_wconf 88' lang='lat' dir='ltr'>Han·</span> 
     </span>
     <span class='ocr_line' id='line_1_41' title="bbox 163 2367 1485 2418; baseline -0.002 -14"><span class='ocrx_word' id='word_1_367' title='bbox 163 2379 195 2404; x_wconf 77' lang='lat'>40</span> <span class='ocrx_word' id='word_1_368' title='bbox 209 2368 324 2405; x_wconf 85' lang='lat' dir='ltr'>nibali</span> <span class='ocrx_word' id='word_1_369' title='bbox 344 2375 501 2416; x_wconf 88' lang='lat' dir='ltr'>quatuor</span> <span class='ocrx_word' id='word_1_370' title='bbox 521 2367 773 2405; x_wconf 87' lang='lat' dir='ltr'>Numidarum</span> <span class='ocrx_word' id='word_1_371' title='bbox 788 2369 904 2405; x_wconf 88' lang='lat' dir='ltr'>millia</span> <span class='ocrx_word' id='word_1_372' title='bbox 920 2369 958 2405; x_wconf 91' lang='lat' dir='ltr'>in</span> <span class='ocrx_word' id='word_1_373' title='bbox 975 2368 1277 2418; x_wconf 89' lang='lat' dir='ltr'>supplementum</span> <span class='ocrx_word' id='word_1_374' title='bbox 1294 2367 1485 2404; x_wconf 88' lang='lat' dir='ltr'>mitteren-</span> 
     </span>
     <span class='ocr_line' id='line_1_42' title="bbox 208 2418 1487 2470; baseline -0.002 -13"><span class='ocrx_word' id='word_1_375' title='bbox 208 2427 279 2466; x_wconf 84' lang='lat' dir='ltr'>tur,</span> <span class='ocrx_word' id='word_1_376' title='bbox 299 2427 338 2456; x_wconf 91' lang='lat' dir='ltr'>et</span> <span class='ocrx_word' id='word_1_377' title='bbox 355 2420 603 2468; x_wconf 84' lang='lat' dir='ltr'>quadraginta</span> <span class='ocrx_word' id='word_1_378' title='bbox 621 2420 823 2469; x_wconf 88' lang='lat' dir='ltr'>elephanti,</span> <span class='ocrx_word' id='word_1_379' title='bbox 844 2428 882 2458; x_wconf 87' lang='lat' dir='ltr'>et</span> <span class='ocrx_word' id='word_1_380' title='bbox 901 2421 1046 2470; x_wconf 84' lang='lat' dir='ltr'>argenti</span> <span class='ocrx_word' id='word_1_381' title='bbox 1064 2421 1181 2457; x_wconf 88' lang='lat' dir='ltr'>multa</span> <span class='ocrx_word' id='word_1_382' title='bbox 1199 2421 1349 2456; x_wconf 83' lang='lat' dir='ltr'>talenta.</span> <span class='ocrx_word' id='word_1_383' title='bbox 1396 2418 1487 2455; x_wconf 92' lang='lat' dir='ltr'>Dic-</span> 
     </span>
    </p>
   </div>
   <div class='ocr_carea' id='block_1_4' title="bbox 208 2470 1487 2560">
    <p class='ocr_par' dir='ltr' id='par_1_10' title="bbox 208 2470 1487 2560">
     <span class='ocr_line' id='line_1_43' title="bbox 208 2470 1487 2560; baseline -0.002 -51"><span class='ocrx_word' id='word_1_384' title='bbox 208 2479 377 2522; x_wconf 83' lang='lat' dir='ltr'>tatorque</span> <span class='ocrx_word' id='word_1_385' title='bbox 397 2484 483 2510; x_wconf 85' lang='lat' dir='ltr'>cum</span> <span class='ocrx_word' id='word_1_386' title='bbox 505 2471 669 2560; x_wconf 49' lang='lat' dir='ltr'>Magirgxff</span> <span class='ocrx_word' id='word_1_387' title='bbox 690 2473 728 2509; x_wconf 93' lang='lat' dir='ltr'>in</span> <span class='ocrx_word' id='word_1_388' title='bbox 750 2473 973 2522; x_wconf 78' lang='lat' dir='ltr'>Hispaniam</span> <span class='ocrx_word' id='word_1_389' title='bbox 1003 2473 1217 2522; x_wconf 78' lang='lat' dir='ltr'>praemissus</span> <span class='ocrx_word' id='word_1_390' title='bbox 1243 2479 1311 2518; x_wconf 84' lang='lat' dir='ltr'>est,</span> <span class='ocrx_word' id='word_1_391' title='bbox 1333 2470 1379 2506; x_wconf 90' lang='lat' dir='ltr'>ad</span> <span class='ocrx_word' id='word_1_392' title='bbox 1398 2482 1487 2507; x_wconf 91' lang='lat' dir='ltr'>con—</span> 
     </span>
    </p>
   </div>
  </div>
 </body>
</html>
