1617 2765
584 194 724 225 LIBER
750 194 809 224 111.
855 203 936 225 CAP.
961 204 1034 225 mv.
1387 197 1440 234 99

154 291 270 338 fieret,
301 291 400 328 haud
430 288 633 337 quidquam
663 289 841 325 abnuere.
899 289 1060 337 Appius,
1091 288 1187 325 truci
1218 289 1372 337 ingenio
1401 300 1438 328 et

154 345 293 380 invidia
324 341 526 391 praecipua,
560 342 690 378 odium
710 341 748 378 in
768 354 808 377 se
829 340 986 378 aliorum
1016 354 1084 377 suo
1113 340 1151 377 in
1181 353 1246 377 eos
1275 344 1436 380 metiens

151 397 249 441 odio,
280 400 303 418 ‘⁴
318 394 431 430 Haud
463 393 634 442 ignaro‚⁷'
664 394 795 442 inquit,
825 394 1041 430 “imminet
1071 393 1230 430 fortuna.
1299 393 1434 442 Video,

153 448 311 484 “donec
348 458 452 482 arma
488 446 710 482 adversariis
739 446 950 492 traduntur,
980 446 1121 482 differri
1160 446 1340 482 adversus
1369 460 1436 484 nos

122 503 393 537 5²‘certamen-
467 497 628 534 Dandus
657 498 807 534 invidiae
836 506 892 534 est
921 498 1088 547 sanguis.
1145 498 1252 535 Nihil
1290 511 1338 535 ne
1367 512 1438 549 ego

151 551 339 600 “quidem
361 564 496 598 moror,
515 551 718 599 quominus
747 551 1002 587 decemviratu
1033 551 1206 587 abeam.''
1276 550 1436 589 Factum

149 603 543 648 senatus-consultum,
566 607 589 626 “
608 603 657 639 Ut
677 603 881 639 decemviri
902 616 941 640 se
962 604 1081 652 primo
1101 616 1249 652 quoque
1270 611 1436 652 tempore

149 656 406 704 “magistratu
436 656 682 692 abdicarent:
724 655 777 695 Q.
800 655 951 703 Furius,
972 656 1140 705 pontifex
1158 656 1354 702 maximus,
1376 657 1438 693 tri-

149 712 173 731 “
188 709 308 745 bunos
328 708 448 757 plebis
467 715 613 745 crearet
630 721 639 752 3
669 715 706 744 et
727 720 774 744 ne
794 708 856 744 cui
887 708 1007 744 fraudi
1037 716 1136 745 esset
1156 709 1321 745 secessio
1341 709 1436 746 mili-

108 763 264 798 10“tum
285 761 518 810 plebisque.⁷’
577 760 648 796 His
678 760 1034 797 senatus-consultis
1063 761 1251 810 perfectis,
1282 761 1436 799 dimisso

147 820 293 856 senatu,
328 813 531 850 decemviri
565 813 751 861 prodeunt
781 813 819 849 in
849 813 1089 860 concionem,
1110 813 1365 861 abdicantque
1395 827 1434 851 sc

147 865 380 915 magistratu,
402 866 547 914 ingenti
577 865 772 901 hominum
793 865 933 902 laetitia.
990 866 1225 902 Nuntiantur
1256 866 1337 902 haec
1357 867 1435 915 ple-

147 917 182 954 bi
201 930 209 954 :
237 918 393 966 legatos,
413 918 592 965 quidquid
614 918 651 953 in
672 917 774 953 Urbe
796 918 990 953 hominum
1012 925 1217 967 supererat,
1247 919 1436 967 prosequi-

146 977 216 1006 tur.
273 970 378 1006 Huic
398 969 631 1005 multitudini
664 969 748 1004 laeta
779 969 851 1004 alia
871 970 981 1005 turba
1009 983 1055 1006 ex
1083 970 1216 1006 castris
1244 971 1431 1008 occurrit:

101 1035 132 1059 15
145 1022 454 1071 congratulantur
473 1021 686 1057 libertatem
707 1021 1025 1070 concordiamque
1042 1022 1184 1058 civitati
1205 1022 1430 1059 restitutam.

144 1074 278 1123 Legati
298 1087 363 1123 pro
379 1073 590 1110 concione:
636 1073 790 1112 “Quod
814 1074 969 1116 bonum,
998 1074 1175 1121 faustum,
1201 1074 1362 1123 felixque
1386 1076 1433 1112 sit

145 1131 169 1150 “
183 1127 299 1171 vobis,
320 1126 447 1174 reique
467 1126 642 1175 publicae,
674 1126 795 1162 redite
817 1126 854 1162 in
875 1127 1047 1175 patriam,
1074 1127 1120 1163 ad
1150 1134 1321 1175 penateS‚
1342 1140 1432 1164 con-

144 1179 300 1228 “juges,
338 1179 551 1227 liberosque
572 1186 735 1215 vestros:
782 1179 861 1222 sed,
885 1179 960 1227 qua
991 1180 1052 1216 hic
1081 1179 1264 1216 modestia
1296 1180 1430 1227 fuistis,

144 1232 245 1268 “ubi
267 1231 406 1268 nullius
425 1244 514 1280 ager
535 1231 572 1267 in
595 1238 649 1268 tot
677 1243 800 1268 rerum
822 1244 891 1268 usu
921 1232 1136 1268 necessario
1165 1239 1278 1268 tantae
1308 1232 1432 1269 multi-

98 1288 168 1322 90ιι
181 1284 303 1321 tudini
332 1291 389 1320 est
417 1284 587 1327 violatus,
618 1296 701 1320 eam
731 1284 953 1320 modestiam
984 1284 1076 1320 ferte
1105 1284 1143 1320 in
1174 1284 1328 1321 Urbem.
1384 1285 1430 1321 In

144 1336 416 1373 “Aventinum
447 1336 510 1380 ite,
540 1337 642 1372 unde
670 1336 828 1385 profecti
857 1336 958 1372 estis.
1015 1336 1087 1379 Ibi,
1119 1336 1219 1373 felici
1248 1336 1344 1380 loco,
1366 1337 1429 1374 ubi

142 1389 301 1438 “prima
336 1388 444 1426 initia
481 1388 686 1425 inchoastis
723 1388 906 1425 libertatis
937 1396 1080 1433 vestrae,
1112 1388 1281 1425 tribunos
1310 1389 1430 1437 plebis

143 1444 168 1466 “
181 1442 384 1478 creabitis:
414 1448 548 1490 praesto
576 1441 647 1477 erit
675 1441 846 1490 pontifex
866 1442 1068 1488 maximus,
1098 1441 1159 1490 qui
1181 1441 1336 1478 comitia
1366 1442 1430 1478 ha-

141 1494 305 1530 “bean”
378 1493 522 1542 Ingens
557 1506 735 1530 assensus
776 1493 1023 1542 alacritasque
1052 1500 1193 1529 cuncta
1222 1493 1430 1541 approban-

94 1546 233 1584 25tium
270 1546 350 1583 fuit.
425 1546 653 1582 Convellunt
682 1546 770 1582 inde
800 1545 938 1594 signa3
984 1545 1218 1594 profectique
1248 1545 1427 1589 Romam,

140 1605 287 1635 certant
305 1611 394 1635 cum
422 1598 543 1635 obviis
571 1598 721 1647 gaudio.
779 1598 928 1634 Armati
956 1611 1022 1647 per
1051 1598 1184 1634 urbem
1214 1597 1364 1635 silentio
1389 1598 1426 1634 in

140 1651 373 1687 Aventinum
417 1650 667 1699 perveniunt:
716 1650 767 1687 ibi
810 1651 1014 1699 extemplo,
1054 1649 1234 1699 pontifice
1263 1650 1429 1687 maximo

140 1703 292 1740 comitia
321 1703 498 1745 habente,
541 1702 713 1740 tribunos
741 1702 861 1752 plebis
890 1710 1127 1746 creaverunt,
1156 1702 1326 1739 omnium
1356 1706 1429 1751 pri-

138 1767 242 1791 mum
281 1755 329 1792 A.
370 1755 599 1804 Virginium,
639 1755 727 1791 inde
757 1754 800 1791 L.
832 1755 997 1798 Icilium,
1027 1762 1065 1791 et
1094 1754 1135 1790 P.
1166 1754 1427 1791 Numitorium

93 1819 125 1844 30
139 1808 368 1845 avunculum
390 1807 587 1856 Virginiae,
608 1814 781 1843 auctores
801 1807 1038 1843 secessionis.
1096 1806 1200 1843 Tum
1221 1807 1265 1842 C.
1288 1807 1428 1843 Sicini-

137 1873 215 1906 um,
236 1860 456 1909 progeniem
476 1860 570 1908 ejus,
590 1872 702 1907 quem
719 1859 880 1908 primum
902 1859 1094 1895 tribunum
1116 1859 1236 1907 plebis
1256 1865 1425 1895 creatum

137 1912 174 1948 in
197 1913 314 1949 Sacro
334 1919 475 1958 monte,
496 1912 684 1960 proditum
706 1912 895 1948 memorire
915 1918 992 1956 est;
1022 1919 1060 1948 et
1081 1911 1135 1947 M.
1156 1910 1342 1954 Duiliuin,
1363 1912 1426 1959 qui

135 1964 368 2001 tribunatum
389 1964 576 2013 insignem
598 1971 685 2000 ante
719 1964 952 2000 decemviros
983 1971 1129 2000 creatos
1153 1970 1333 2012 gesserat,
1353 1976 1426 2000 nec

136 2017 174 2053 in
195 2017 510 2054 decemviralibus
529 2016 802 2053 certaminibus
831 2016 930 2065 plebi
951 2016 1132 2052 defuerat.
1191 2017 1266 2064 Spe
1287 2016 1426 2052 deinde

92 2078 124 2105 35
137 2070 268 2118 magis,
302 2069 413 2118 quam
448 2069 604 2115 meritis,
641 2069 767 2111 electi,
798 2068 852 2105 M.
879 2068 1062 2112 Titinius,
1094 2068 1148 2104 M.
1180 2068 1423 2116 Pomponius,

137 2121 181 2157 C.
203 2123 406 2170 Apronius,
427 2122 468 2158 P.
490 2121 638 2164 Villius,
659 2121 704 2158 C.
723 2121 881 2170 Oppius.
913 2121 1129 2157 Tribunatu
1147 2120 1254 2165 inito,
1288 2120 1330 2156 L.
1353 2120 1426 2157 Ici-

136 2173 209 2209 lius
227 2175 414 2223 extemplo
443 2174 590 2222 plebem
617 2174 773 2223 rogavit,
802 2181 840 2210 et
869 2174 974 2222 plebs
1004 2174 1126 2219 scivit,
1158 2185 1205 2209 ne
1235 2173 1297 2209 cui
1328 2173 1426 2209 frau-

137 2225 174 2261 di
194 2233 292 2262 esset
310 2227 474 2263 secessio
494 2227 541 2263 ab
561 2226 785 2262 decemviris
802 2227 911 2263 facta.
969 2225 1179 2262 Confestim
1197 2225 1243 2262 de
1261 2225 1426 2262 consuli-

138 2277 208 2313 bus
228 2279 401 2314 creandis
420 2291 507 2315 cum
541 2279 805 2327 provocatione
828 2279 881 2315 M.
903 2278 1055 2315 Duilius
1074 2278 1308 2327 rogationem
1338 2291 1422 2327 per-

93 2330 231 2367 wtulit.
290 2330 346 2366 Ea
373 2331 501 2367 omnia
529 2331 567 2367 in
596 2332 711 2379 pratis
742 2331 941 2368 Flaminiis
970 2331 1133 2368 concilio
1162 2331 1283 2380 plebis
1320 2337 1419 2373 acta,

136 2395 247 2432 quem
268 2395 371 2420 nunc
393 2382 547 2419 Circum
568 2383 798 2421 Flaminium
821 2384 1021 2434 appellant.
