1617 2765
132 189 212 228 218
662 187 752 219 'r1T1
776 188 886 218 L1v11

135 296 307 327 novenae,
322 296 386 332 per
398 283 538 321 Urbem
552 290 696 329 euntes,
711 296 864 320 carmen
879 291 1070 320 canerent.
1119 284 1162 320 Id
1175 297 1288 332 quum
1302 284 1340 321 in
1353 285 1416 323 Jo-

138 336 191 372 vis
212 336 370 373 Statoris
389 336 469 372 aede
481 336 685 382 discerent,
705 337 899 372 conditum
916 336 962 372 ab
979 336 1085 373 Livio
1105 337 1229 385 poeta,
1247 349 1414 381 carmen,

135 395 237 425 tacta
255 389 302 425 de
322 389 420 426 coelo
440 389 539 425 aedes
560 389 596 424 in
619 389 811 425 Aventino
837 388 1000 425 Junonis
1027 389 1212 438 Reginae:
1256 390 1417 438 prodigi-

138 452 274 489 umque
294 441 331 478 id
352 442 398 477 ad
419 448 608 477 matronas
641 441 841 489 pertinere,
862 441 1053 489 aruspices
1071 454 1185 489 quum
1205 442 1418 490 respondis-

135 501 230 540 sent,
257 494 429 542 donoque
459 493 593 529 Divam
627 494 851 541 placandam
881 506 988 537 esse3
1036 494 1200 530 {edilium
1229 494 1417 531 curulium
1445 503 1462 528 5

134 545 260 582 edicto
292 546 330 582 in
361 545 590 593 Capitolium
619 553 849 589 convocatae‚
882 546 1017 594 quibus
1046 546 1083 582 in
1115 546 1207 582 urbe
1228 546 1418 595 Romana,

135 598 307 646 intraque
327 598 517 634 decimum
548 597 710 646 lapidem
745 599 791 634 ab
813 599 917 641 urbe,
948 598 1139 635 domicilia
1167 605 1305 643 essent,
1327 599 1417 646 ipsae

134 650 231 686 inter
251 664 290 686 se
319 651 483 698 quinque
512 656 550 686 et
578 650 711 698 viginti
740 650 975 699 delegerunt,
1008 651 1055 687 ad
1074 663 1166 698 quas
1195 663 1242 687 ex
1270 651 1419 687 dotibus

135 702 269 751 stipem
290 702 517 739 conferrent.
574 701 670 738 Inde
699 702 839 738 donum
869 703 986 750 pelvis
1005 715 1120 739 aurea
1139 703 1249 748 facta,
1270 703 1418 751 lataque

133 755 172 791 in
203 755 452 801 Aventinum,
480 753 649 802 pureque
678 761 716 790 et
756 753 860 790 caste
891 767 912 790 a
939 755 1119 791 matronis
1152 755 1417 791 sacrificatum.
1435 763 1463 787 10

134 806 345 843 Confestim
366 807 412 843 ad
442 807 543 842 aliud
573 806 801 842 sacrificium
822 806 946 842 eidem
980 807 1087 842 Divae
1120 807 1166 842 ab
1195 807 1419 843 decemviris

133 859 259 895 edicta
288 859 382 902 dies,
416 859 525 908 cujus
554 859 646 895 ordo
676 859 760 895 talis
781 858 874 895 fuit:
921 859 968 895 ab
988 859 1068 895 aede
1090 859 1277 907 Apollinis
1306 859 1419 895 boves

134 910 298 947 soeminae
318 911 411 947 albae
432 912 516 948 duze
544 912 650 960 porta
670 911 902 948 Carmentali
928 911 966 947 in
998 911 1129 948 urbem
1150 912 1299 947 ductae:
1337 919 1420 960 post

133 976 198 1000 eas
218 965 293 1000 duo
313 964 422 1013 signa
441 976 644 1012 cupressea
662 963 826 1000 ,Iunonis
847 964 1009 1012 Reginae
1029 964 1294 1012 portabantur:
1337 972 1418 1000 tum

134 1023 277 1064 septem
299 1025 336 1053 et
355 1016 487 1065 viginti
521 1016 696 1064 virgines,
727 1016 879 1065 longam
910 1016 1051 1052 indutae
1081 1023 1234 1061 vestem,
1264 1028 1418 1052 carmen
1433 1023 1464 1047 15

132 1068 172 1105 in
192 1067 383 1105 Junonem
406 1069 599 1117 Reginam
620 1075 801 1105 canentes
826 1068 944 1111 ibant,
977 1068 1040 1104 illa
1073 1075 1295 1116 tempestate
1316 1068 1419 1104 forsi-

133 1128 197 1156 tan
218 1121 406 1157 laudabile
435 1121 592 1157 rudibus
612 1121 787 1169 ingeniis,
812 1133 915 1156 nunc
947 1121 1153 1157 abhorrens
1181 1127 1220 1156 et
1248 1121 1419 1157 incondi-

133 1182 226 1218 tum,
247 1174 276 1208 si
298 1173 491 1209 referatur.
549 1173 752 1221 Virginum
785 1173 957 1209 ordinem
991 1173 1244 1220 sequebantur
1268 1173 1419 1208 decem-

133 1224 200 1261 viri
229 1225 399 1261 coronati
431 1225 569 1270 laurea,
604 1225 897 1273 praetextatique.
955 1225 990 1261 A
1020 1225 1124 1273 porta
1153 1224 1312 1273 Jugario
1337 1224 1420 1261 vico

134 1277 172 1314 in
193 1277 312 1314 forum
334 1290 494 1314 venere:
534 1277 572 1314 in
595 1277 672 1314 foro
703 1290 838 1326 pompa
867 1277 1059 1321 constitit3
1106 1283 1154 1322 et,
1188 1289 1254 1325 per
1283 1283 1465 1313 manus2⁰

134 1338 231 1366 reste
252 1330 352 1376 data,
383 1330 547 1378 virgines
577 1343 711 1366 sonum
742 1330 844 1366 vocis
871 1329 981 1377 pulsu
1011 1330 1151 1378 pedum
1181 1329 1420 1366 modulantes

135 1381 400 1419 incesserunt:
430 1383 519 1419 inde
539 1382 622 1419 vico
642 1382 773 1419 Tusco
794 1381 1044 1430 Velabroque,
1066 1395 1132 1431 per
1152 1381 1329 1418 Boarium
1350 1381 1421 1418 Fo-

134 1447 231 1481 rum,
261 1435 299 1471 in
333 1435 483 1472 Clivum
523 1435 736 1471 Publicium
775 1441 885 1483 atque
915 1435 1035 1471 aedem
1064 1435 1228 1471 Junonis
1256 1434 1420 1483 Reginae

133 1494 369 1535 perrectum:
398 1487 449 1524 ibi
469 1487 553 1523 duae
574 1487 702 1524 hostiae
732 1487 779 1523 ab
812 1487 1036 1524 decemviris
1069 1486 1283 1533 immolatae,
1312 1493 1350 1522 et
1374 1486 1421 1522 si-

135 1539 302 1576 mulacra
322 1553 524 1589 cupressea
542 1540 581 1576 in
601 1540 720 1575 aedem
737 1539 849 1576 illata.
1432 1544 1464 1570 25

187 1644 426 1681 XXXVIII.
456 1644 540 1680 Diis
553 1644 622 1681 rite
643 1644 812 1693 placatis,
835 1644 1024 1681 delectum
1039 1644 1214 1680 consules
1231 1643 1421 1680 habebant

135 1697 260 1733 acrius
282 1696 548 1745 intentumque,
570 1697 681 1745 quam
711 1697 896 1745 prioribus
922 1697 1040 1733 *annis
1068 1697 1263 1745 quisquam
1290 1696 1421 1732 memi-

135 1756 242 1786 nerat
262 1749 454 1786 habitum:
498 1762 585 1785 nam
606 1756 643 1786 et
663 1749 750 1785 belli
770 1756 887 1786 terror
907 1749 1120 1798 duplicatus
1140 1749 1225 1786 novi
1246 1749 1362 1785 hostis
1381 1748 1420 1785 in

134 1801 283 1838 Italiam
303 1802 492 1847 adventu3
522 1809 559 1838 et
579 1802 704 1838 minus
731 1802 940 1851 juventutis
971 1810 1063 1845 erat,
1091 1802 1192 1838 unde
1212 1801 1420 1838 scriberent

135 1854 283 1890 milites.
341 1854 473 1902 Itaque
493 1855 646 1891 colonos
665 1854 779 1891 etiam
799 1854 1017 1899 maritimos,
1048 1854 1110 1902 qui
1140 1861 1418 1890 sacrosanctam
1433 1861 1465 1886 30

135 1906 373 1942 vacationem
394 1906 618 1942 dicebantur
639 1907 788 1951 habere,
809 1907 898 1942 dare
925 1907 1061 1942 milites
1091 1906 1299 1954 cogebant:
1342 1905 1421 1953 qui-

134 1958 206 1995 bus
226 1958 504 2001 recusantibus,
525 1958 677 1994 edixere
698 1958 736 1994 in
765 1958 866 1994 diem
896 1966 1051 2004 certam,
1084 1968 1135 2005 ut,
1164 1970 1237 2006 quo
1264 1957 1419 2006 quisque

132 2011 216 2060 jure
238 2010 473 2047 vacationem
499 2010 666 2056 haberet,
697 2010 744 2046 ad
773 2017 947 2046 senatum
977 2010 1149 2047 deferret.
1207 2009 1262 2046 Ea
1291 2010 1352 2045 die
1382 2010 1420 2046 hi

136 2063 264 2112 populi
285 2063 331 2099 ad
360 2070 533 2099 senatum
554 2069 760 2098 venerunt:
807 2062 1008 2107 Ostiensis,
1044 2062 1245 2104 Alsiensis,
1270 2062 1419 2108 Antias,

137 2119 329 2163 Anxuras‚
351 2115 637 2160 Minturnensis,
660 2116 925 2160 Sinuessanus,
946 2122 983 2151 et
1003 2115 1050 2151 ab
1070 2116 1215 2163 Supero
1233 2114 1331 2151 Mari
1353 2115 1464 2151 Se-35

136 2169 276 2205 nensis.
332 2168 467 2207 Quum
487 2168 703 2204 vacationes
732 2180 818 2204 suas
850 2167 1005 2215 quisque
1039 2167 1197 2216 populus
1217 2167 1419 2211 recitaret3

136 2220 289 2265 nullius,
310 2234 423 2268 quum
445 2221 483 2257 in
505 2220 614 2257 Italia
632 2220 746 2257 hostis
764 2227 875 2265 esset,
895 2227 1027 2268 praeter
1055 2220 1250 2256 Antiatem
1269 2219 1421 2256 Ostien-

136 2285 303 2320 semque,
326 2273 471 2309 vacatio
489 2273 684 2310 observata
702 2280 759 2309 est
776 2285 784 2307 :
822 2280 860 2308 et
878 2285 1007 2309 earum
1038 2273 1271 2309 coloniarum
1297 2272 1421 2321 junio-

137 2337 196 2362 res
212 2325 456 2374 jurejurando
476 2325 614 2371 adacti,
635 2337 746 2374 supra
765 2325 845 2361 dies
861 2325 1013 2373 triginta
1042 2338 1117 2362 non
1136 2332 1420 2374 pernoctaturos

139 2390 179 2414 se
199 2390 282 2414 esse
302 2385 407 2414 extra
426 2378 566 2413 moenia
585 2378 742 2414 coloniae
762 2390 852 2420 suae,
874 2377 995 2415 donec
1022 2378 1138 2414 hostis
1168 2378 1206 2414 in
1238 2377 1347 2414 Italia
1365 2389 1421 2413 es·
1434 2384 1464 2408 40

139 2436 206 2467 set.
261 2429 394 2469 Quum
414 2442 546 2467 omnes
576 2437 789 2473 censerent,
823 2431 942 2478 primo
971 2443 1116 2478 quoque
1146 2438 1311 2479 tempore
1331 2441 1420 2466 con-

140 2482 284 2519 sulibus
313 2483 480 2519 eundum
509 2482 556 2519 ad
586 2482 725 2518 bellum
763 2482 869 2532 (nani
898 2490 935 2519 et
964 2483 1194 2520 Hasdrubali
1221 2493 1421 2520 occurren·
