1617 2765
596 188 735 221 LIBER
757 189 801 220 11.
847 197 925 220 CAP.
944 198 1040 219 xxm.
1420 189 1471 226 73

180 300 276 325 ores.
332 286 466 327 Quum
487 285 534 322 ad
555 298 693 322 nomen
715 298 828 322 nemo
847 283 1105 333 responderet,
1126 282 1358 319 circumfusa
1378 283 1470 319 mul-

180 340 303 377 titudo
331 339 371 376 in
400 338 598 376 concionis
627 338 782 374 modum
811 350 965 386 negare,
997 336 1135 372 “ultra
1166 336 1291 384 decipi
1320 336 1469 383 plebem

181 396 206 416 “
220 405 342 441 posse.
397 391 606 439 Nunquam
627 404 746 427 unuin
766 390 922 426 militem
945 389 1151 437 habituros,
1174 388 1212 424 ni
1234 395 1470 436 praestaretur

180 450 201 466 “
218 444 312 481 fides
330 443 508 493 publica:
538 443 750 480 libertatem
780 442 985 490 unlcuique
999 440 1100 490 prius
1120 441 1352 477 reddendam
1373 453 1469 487 esse,

150 498 205 532 5⁸‘
220 509 334 544 quam
362 508 466 533 arma
494 496 645 541 danda3
693 504 734 532 ut
774 509 840 544 pro
882 494 1000 543 patria
1040 494 1261 541 civibusque
1300 506 1376 529 non
1406 506 1470 541 pro

180 549 395 595 “dominis‚
432 548 646 598 pugnent.'’
713 547 913 590 Consules,
953 547 1042 595 quid
1072 547 1293 582 mandatum
1323 553 1423 581 esset
1451 559 1471 581 a

179 608 329 649 senatu,
344 601 546 638 videbant:
576 601 642 637 sed
663 613 806 644 eorum,
827 601 890 649 qui
911 601 1009 637 intra
1038 600 1200 648 parietes
1228 598 1344 635 curiae
1379 598 1472 634 fero-

179 654 274 691 citer
293 654 548 703 loquerentur,
568 654 761 690 neminem
783 654 930 700 adesse,
951 653 1103 689 invidiae
1123 665 1201 688 suae
1222 650 1442 700 participem
1463 664 1470 687 ι

178 713 217 743 et
258 706 462 756 apparebat
495 714 600 744 atrox
642 719 730 743 cum
772 706 881 755 plebe
921 713 1126 742 certamen.
1184 703 1292 741 Prius
1333 703 1471 751 itaque,

135 769 165 794 10
178 758 293 807 quam
312 759 445 796 ultima
463 760 736 808 experirentur,
757 766 928 795 senatum
952 759 1084 795 iterum
1117 757 1314 795 consulere
1343 756 1472 804 placu-

179 811 231 848 it:
261 819 340 848 tum
363 811 449 848 vero
470 812 516 848 ad
536 812 647 848 sellas
667 812 866 848 consulum
887 811 1002 860 prope
1024 810 1270 847 convolavere
1291 809 1472 845 minimus

177 864 334 912 quisque
354 872 445 901 natu
465 864 633 911 Pati-um,
653 865 830 901 abdicare
859 864 1097 900 consulatum
1124 863 1316 912 jubentes,
1342 870 1380 898 et
1409 861 1472 898 de·

176 929 318 965 ponere
337 917 551 966 imperium,
573 917 620 954 ad
638 917 736 965 quod
757 917 940 953 tuendum
958 917 1107 952 animus
1126 917 1285 952 deesset.

230 1020 386 1058 ΧΧΙΧ.
416 1020 586 1070 Utraque
605 1034 645 1058 re
665 1021 755 1058 satis
783 1021 955 1070 experta,
977 1028 1056 1057 tum
1085 1021 1238 1057 demum
1270 1019 1469 1057 consules:

134 1087 164 1113 15
179 1073 278 1110 “Ne
306 1074 530 1123 praediotum
569 1074 730 1123 negetis,
774 1073 905 1111 Patres
945 1074 1164 1135 conscripti,
1201 1073 1308 1109 adest
1336 1072 1472 1121 insfens

179 1126 363 1164 “seditio.
421 1126 674 1170 Postulamus,
709 1134 749 1163 ut
770 1127 807 1170 ii,
841 1127 903 1175 qui
935 1127 1097 1163 maxime
1129 1126 1318 1175 ignaviam
1350 1126 1472 1162 incre-

178 1183 319 1228 “pant
341 1179 467 1216 adsint
495 1180 605 1216 nobis
626 1168 853 1217 habentibus
873 1180 1076 1217 delectum.
1134 1179 1326 1215 Acerrimi
1347 1178 1473 1227 cujus-

179 1236 289 1280 “que
309 1232 475 1279 arbitrio,
495 1233 647 1281 quando
676 1233 727 1269 ita
755 1233 892 1281 placet,
922 1245 1001 1269 rem
1033 1232 1231 1281 agemus.'’
1289 1232 1472 1268 Redeunt

178 1284 217 1321 in
237 1284 401 1321 tribunal
419 1298 429 1329 ς
459 1285 568 1322 citari
589 1286 812 1322 nominatim
830 1298 946 1321 unum
968 1298 1015 1322 ex
1035 1285 1092 1328 iis,
1109 1285 1172 1333 qui
1193 1284 1230 1320 in
1262 1291 1472 1333 conspectu

132 1343 300 1380 merant,
321 1337 450 1374 dedita
477 1339 591 1387 opera
607 1338 753 1387 jubent.
809 1338 943 1377 Quum
975 1346 1090 1374 staret
1118 1337 1267 1382 tacitus,
1298 1345 1336 1373 et
1368 1337 1473 1374 circa

183 1402 270 1426 eum
293 1389 435 1439 aliquot
453 1390 662 1437 hominum,
687 1404 735 1427 ne
766 1391 858 1427 forte
888 1390 1099 1436 violaretur,
1130 1390 1362 1426 constitisset
1391 1391 1471 1439 glo-

178 1441 261 1487 bus,
281 1442 528 1479 lictorem-ad
559 1455 648 1479 eum
677 1444 854 1480 consules
882 1444 1060 1480 mittunt:
1100 1456 1173 1491 quo
1202 1443 1362 1491 repulso,
1392 1451 1471 1481 turn

176 1493 276 1538 vero,
298 1495 498 1543 indignum
519 1495 667 1532 facinus
695 1508 792 1539 esse,
823 1496 1075 1542 clamitantes,
1104 1495 1167 1544 qui
1198 1495 1351 1532 Patrum
1382 1509 1472 1533 con-

179 1547 324 1583 sulibus
363 1547 533 1591 aderant,
574 1548 751 1585 devolant
789 1549 836 1585 de
876 1548 1070 1592 tribunali,
1111 1546 1151 1584 ut
1180 1547 1301 1584 lictori
1331 1549 1472 1586 auxilio

131 1613 164 1638 25
177 1606 315 1636 essent.
373 1600 451 1636 Sed
479 1600 527 1637 ab
554 1600 698 1646 lictore,
729 1601 822 1637 nihil
853 1601 955 1637 aliud
984 1601 1096 1649 qusim
1126 1601 1362 1650 prehendere
1390 1615 1472 1650 pro-

178 1651 311 1700 hibito,
339 1664 455 1700 quum
475 1665 685 1690 conversus
709 1654 748 1690 in
779 1654 910 1690 Patres
940 1654 1103 1702 impetus
1131 1661 1244 1696 esset,
1266 1655 1471 1692 consulum

177 1703 392 1741 intercursu
415 1704 496 1742 rixa
523 1706 655 1742 sedata
673 1714 756 1743 est:
786 1706 824 1742 in
844 1707 918 1754 qua
947 1714 1086 1752 tamen,
1108 1706 1190 1742 sine
1219 1706 1357 1754 lapide,
1387 1708 1470 1744 sine

177 1756 263 1800 telo,
284 1757 368 1806 plus
388 1756 563 1794 clamoris
583 1765 694 1807 atque
715 1759 868 1805 irarum,
897 1758 1009 1807 quam
1031 1759 1191 1807 iujuriae.
1213 1758 1346 1795 fuerat.
1405 1761 1472 1796 Se-

175 1817 300 1853 natus,
321 1810 549 1847 tumultuose
571 1819 738 1855 vocatus,
759 1811 1032 1848 tumultuosius
1062 1811 1292 1855 consulitur3
1322 1813 1471 1859 quaesti-

130 1874 286 1900 aeonem
315 1862 592 1911 postulantibus
631 1864 689 1910 iis,
733 1864 796 1912 qui
838 1864 976 1912 pulsati
1016 1864 1190 1908 suerant;
1237 1864 1470 1902 decernente

175 1913 410 1951 ferocissimo
424 1927 587 1964 quoque,
607 1929 684 1953 non
714 1917 912 1953 sententiis
942 1917 1076 1965 magis,
1096 1915 1210 1964 quam
1238 1916 1403 1954 clamore
1433 1926 1470 1955 et

173 1968 342 2016 strepitu.
416 1967 606 2015 Tandem,
644 1981 759 2018 quum
789 1969 853 2006 irae
882 1970 1124 2016 resedissent,
1154 1969 1470 2018 exprobrantibus

173 2020 406 2065 consulibus,
428 2020 548 2058 nihilo
575 2021 659 2070 plus
687 2022 858 2058 sanitatis
878 2022 916 2058 in
947 2022 1054 2059 curia
1082 2021 1192 2070 quam
1214 2022 1252 2058 in
1274 2021 1351 2059 foro
1372 2036 1468 2067 esse,

172 2073 304 2110 ordine
324 2074 471 2112 consuli
491 2074 618 2123 coepit.
676 2074 777 2111 Tres
806 2074 911 2111 fuere
932 2075 1143 2112 sententiae.
1202 2074 1243 2111 P.
1271 2075 1470 2124 Virginius

128 2136 162 2162 35
174 2137 253 2162 rem
290 2138 367 2163 non
396 2126 597 2176 vulgabat:
629 2129 653 2150 “
670 2127 717 2163 de
747 2127 793 2164 iis
830 2126 988 2174 tantum,
1019 2127 1095 2176 qui,
1131 2127 1244 2164 fidem
1275 2129 1395 2165 secuti
1427 2129 1467 2166 P.

176 2177 363 2216 “Servilii
383 2179 563 2223 consulis,
584 2179 738 2225 Volsco,
761 2183 962 2227 Aurunco,
994 2180 1212 2228 Sabinoque
1241 2180 1469 2218 militassent

173 2229 324 2274 “bello,
354 2233 546 2281 agendum
561 2232 581 2249 ”
613 2233 806 2270 censebat.
881 2233 930 2270 T.
952 2233 1118 2279 Lartius,
1149 2238 1173 2256 ‘⁶
1189 2233 1280 2270 Non
1310 2234 1348 2270 id
1377 2242 1469 2271 tem-

175 2285 282 2330 “pus
321 2295 416 2328 esse,
449 2292 491 2322 ut
528 2285 664 2322 merita
701 2286 964 2323 tantummodo
1000 2286 1305 2323 exsolverentur:
1352 2294 1466 2324 totam

174 2334 363 2383 “plebem
394 2349 468 2374 aere
497 2337 622 2375 alieno
650 2338 862 2375 demersam
902 2352 1007 2384 esse3
1063 2352 1137 2376 nec
1167 2339 1246 2376 sisti
1276 2352 1398 2387 posse,
1428 2339 1466 2376 ni

129 2387 396 2425 40“0mnibus
425 2390 669 2428 consulatur:
712 2392 817 2440 quin,
848 2392 878 2428 si
919 2392 992 2428 alia
1021 2392 1179 2429 aliorum
1209 2392 1256 2428 sit
1284 2392 1465 2434 conditio,

174 2443 199 2462 “
215 2441 377 2478 accendi
398 2442 518 2491 magis
540 2442 780 2490 discordiam,
811 2445 922 2493 quam
944 2445 1109 2481 sedari.'’
1167 2445 1240 2493 Ap.
1264 2444 1464 2487 Claudius,

173 2498 211 2529 et
229 2495 363 2530 natura
392 2494 560 2542 immitis,
591 2502 629 2532 et
657 2496 834 2534 efferatus
865 2497 954 2534 hinc
983 2497 1104 2547 plebis
1131 2497 1228 2543 odio,
1261 2496 1366 2533 illinc
1395 2495 1466 2533 Pa-

645 2549 670 2586 7
