1617 2765
161 211 234 248 122
695 215 785 246 TlTI
811 216 920 246 LIVII

156 305 257 349 ratis,
279 316 539 356 exsequentes.
596 309 753 345 Flamen
786 310 933 347 interim
954 310 1165 349 Quirinalis
1198 312 1434 360 virginesque

156 358 342 402 Vestales,
362 360 498 396 omissa
519 374 642 397 rerum
664 374 814 398 suarum
846 365 948 407 cura,
978 375 1059 410 quae
1094 376 1282 399 sacrorum
1305 377 1434 401 secuin

156 409 321 453 ferenda,
342 425 424 460 quae
457 412 562 460 (quia
582 413 677 449 vires
709 414 755 449 ad
781 414 908 450 omnia
942 414 1095 450 ferenda
1120 416 1293 464 deerant)
1324 416 1436 453 relin-

154 463 302 509 quenda
321 470 460 510 essent,
481 465 750 510 consultantes,
770 466 898 513 quisve
917 478 962 501 ea
982 466 1087 502 locus
1107 467 1206 502 fideli
1227 476 1434 504 asservatu-

153 526 216 549 rus
245 516 416 552 custodia
435 524 556 560 esset;
586 517 767 565 optimum
789 518 945 559 ducunt,
968 519 1118 554 condita
1140 519 1177 554 in
1208 519 1354 555 doliolis
1373 532 1429 556 sa·
1462 531 1478 555 5

151 565 246 602 cello
265 568 434 615 proximo
466 569 609 604 aedibus
642 568 803 605 flaminis
821 569 1034 608 Quirinalis
1065 570 1146 619 (ubi
1166 583 1269 606 nunc
1299 571 1432 619 despui

151 618 282 667 religio
302 619 376 670 est)
398 620 574 657 defodere
593 633 600 656 ε
642 628 791 664 caetera,
823 621 918 658 inter
947 634 986 657 se
1006 634 1120 658 onere
1139 623 1286 670 partito,
1309 622 1432 660 ferunt

148 669 221 712 via,
243 683 324 718 quae
344 672 504 708 sublicio
523 680 635 720 ponte
657 673 761 708 ducit
781 673 827 708 ad
848 673 1079 710 Janiculum.
1127 674 1171 710 In
1189 686 1233 710 eo
1253 674 1349 710 clivo
1369 687 1433 711 eas

148 734 261 769 quum
293 723 335 758 L.
367 723 556 770 Albinius,
588 725 635 760 de
667 724 776 771 plebe
810 725 988 760 Romana
1008 725 1132 772 homo,
1161 726 1432 774 conspexisset,

147 773 315 820 plaustro
344 776 547 823 conjugem
580 789 625 812 ac
661 776 798 811 liberos
839 777 981 812 vehens
1020 777 1116 812 inter
1156 786 1329 814 caeteram
1359 785 1434 814 tur-
1449 790 1478 814 10

149 824 248 867 bam,
288 839 384 873 quae,
424 827 567 863 inutilis
605 827 713 872 bello,
762 828 855 864 urbe
901 828 1132 872 excedebat3
1179 829 1280 865 salvo
1319 829 1432 866 etiam

147 882 227 912 tum
257 878 476 914 discrimine
520 879 730 915 divinarum
775 880 1100 927 humanarumque
1139 893 1277 926 rerum,
1317 881 1434 918 irreli-

148 928 295 976 giosum
328 937 442 973 ratus,
476 932 692 968 sacerdotes
719 931 891 979 publicos
911 944 1090 979 sacraque
1110 933 1234 980 populi
1265 932 1433 970 Romani

148 981 309 1028 pedibus
331 982 396 1024 ire,
419 982 580 1031 ferrique
598 996 607 1027 3
638 995 677 1019 se
697 996 742 1019 ac
761 996 847 1019 suos
868 984 904 1020 in
926 983 1100 1020 vehiculo
1132 984 1324 1032 conspici3
1370 985 1434 1020 de-

147 1034 332 1069 scendere
369 1046 526 1071 uxorem
565 1047 609 1071 ac
647 1048 783 1083 pueros
817 1035 941 1084 jussit,
982 1036 1145 1084 virgines
1184 1048 1364 1084 sacraque
1393 1037 1431 1074 in
1448 1047 1477 1072 15

144 1084 353 1132 plaustrum
384 1086 573 1136 imposuit,
611 1094 649 1124 et
677 1087 797 1133 Caere,
827 1087 899 1136 quo
940 1087 1010 1124 iter
1052 1088 1311 1125 sacerdotibus
1339 1096 1432 1136 erat,

144 1145 322 1185 pervexit.

197 1240 304 1278 XLI.
347 1242 482 1279 Romae
513 1243 677 1290 interim,
707 1244 797 1280 satis
822 1244 898 1293 jam
928 1244 1118 1290 omnibus,
1147 1251 1188 1280 ut
1217 1244 1254 1280 in
1283 1245 1347 1280 tali
1376 1258 1430 1289 re,

143 1293 189 1329 ad
220 1294 401 1330 tuendam
432 1307 558 1331 arcem
589 1296 819 1344 compositis,
846 1296 956 1332 turba
984 1296 1188 1342 seniorum,
1218 1297 1347 1333 domos
1375 1310 1433 1334 re-

144 1357 287 1394 gressa,
321 1347 523 1383 adventum
554 1348 718 1384 hostium
744 1349 932 1385 obstinato
953 1348 999 1384 ad
1029 1356 1185 1384 mortem
1217 1350 1342 1386 animo
1369 1360 1477 1386 ex-20

145 1398 353 1445 spectabat.
409 1398 491 1438 Qui
511 1412 640 1437 eorum
662 1400 812 1436 curules
831 1407 1026 1449 gesserant
1053 1400 1302 1448 magistratus,
1324 1409 1364 1438 ut
1392 1401 1431 1438 in

146 1450 306 1486 fortunae
327 1451 492 1499 pristinae
526 1452 785 1500 honorumque
819 1460 883 1489 aut
912 1452 1056 1489 virtutis
1086 1452 1296 1501 insignibus
1315 1466 1432 1490 more·

146 1510 287 1547 rentur,
310 1516 391 1551 quae
412 1504 676 1552 augustissima
698 1505 808 1540 vestis
828 1511 884 1540 est
912 1511 1038 1540 tensas
1058 1505 1285 1540 ducentibus
1303 1505 1432 1541 trium-

142 1554 407 1602 phantibusve‚
437 1558 480 1591 ea
512 1556 633 1592 vestiti
654 1556 780 1592 medio
801 1556 938 1592 aedium
959 1556 1137 1592 eburneis
1166 1556 1266 1592 sellis
1286 1557 1428 1593 sedere.

142 1607 252 1648 Sunt,
273 1607 350 1654 qui,
373 1607 424 1644 M.
445 1607 565 1644 Fabio
583 1607 760 1656 pontifice
782 1608 945 1644 maximo
974 1607 1154 1656 praefante
1176 1620 1345 1649 carmen,
1367 1609 1474 1644 ἀει-25

142 1658 284 1694 vovisse
313 1671 378 1695 eos
406 1671 445 1695 se
474 1672 540 1708 pro
569 1660 686 1708 patria
715 1659 1007 1708 Quiritibusque
1036 1660 1236 1705 Romanis,
1265 1660 1428 1696 tradant.

141 1710 253 1756 Galli,
275 1718 311 1747 et
331 1711 418 1759 quia
438 1711 654 1760 interpositi
675 1720 787 1748 nocte
808 1725 828 1748 a
849 1712 1093 1748 contentione
1116 1724 1253 1760 pugnae
1275 1712 1429 1748 remise-

141 1770 224 1799 rant
245 1763 403 1806 animos,
424 1771 461 1800 et
480 1764 578 1812 quod
602 1776 674 1800 nec
709 1764 746 1800 in
780 1765 862 1800 acie
893 1764 1047 1812 ancipiti
1083 1776 1240 1812 usquam
1262 1771 1428 1800 certave-

141 1823 225 1852 rant
243 1815 389 1863 proelio,
409 1824 578 1853 nectum
610 1816 750 1864 impetu
780 1823 844 1852 aut
874 1816 907 1852 vi
936 1816 1138 1864 capiebant
1167 1816 1311 1861 urbem,
1341 1815 1423 1852 sine

142 1867 207 1911 ira,
228 1868 309 1903 sine
340 1868 471 1904 ardore
505 1868 729 1914 animorum,
758 1868 916 1917 ingressi
936 1875 1082 1916 postero
1110 1868 1172 1903 die
1201 1868 1331 1903 urbem
1362 1877 1474 1915 ρει-3ο

141 1926 244 1955 tente
283 1919 434 1955 Collina
470 1921 588 1968 porta,
620 1920 657 1955 in
688 1920 807 1955 forum
837 1920 1071 1967 perveniunt,
1115 1919 1428 1956 circumferentes

141 1971 272 2008 oculos
291 1971 337 2007 ad
358 1971 498 2019 templa
517 1971 652 2017 Deum,
674 1984 886 2019 arcemque,
917 1971 1032 2007 solam
1062 1970 1149 2006 belli
1179 1971 1344 2019 speciem
1376 1978 1429 2008 te·

142 2031 312 2060 nentem.
370 2023 478 2070 Inde,
493 2024 648 2072 *modico
677 2023 809 2059 relicto
829 2023 1001 2071 praesidio
1026 2022 1092 2070 (ne
1111 2023 1193 2070 quis
1213 2023 1250 2059 in
1272 2023 1426 2071 dissipa-

143 2087 200 2112 tos
219 2088 266 2111 ez
289 2088 375 2112 arce
395 2083 458 2112 aut
478 2075 662 2124 Capitolio
694 2076 854 2123 impetus
875 2074 1010 2125 fieret),
1045 2075 1176 2122 dilapsi
1198 2075 1243 2111 ad
1263 2075 1426 2123 praedam

142 2128 271 2164 vacuis
290 2141 450 2164 occursu
483 2128 678 2164 hominum
712 2127 791 2172 viis,
812 2139 898 2175 pars
919 2127 956 2162 in
978 2127 1144 2175 proxima
1163 2139 1320 2175 quaeque
1351 2136 1473 2164 tec-35

143 2187 265 2217 torum
287 2180 438 2229 agmine
467 2187 602 2224 ruunt;
632 2193 717 2228 pars
737 2179 878 2223 ultima,
909 2179 1009 2215 velut
1038 2191 1083 2214 ea
1103 2179 1254 2215 demum
1287 2179 1428 2216 intacta.

144 2239 182 2269 et
200 2232 336 2268 referta
355 2233 495 2280 praedfi,
515 2241 669 2281 petunt:
709 2232 797 2268 inde
818 2243 946 2267 rursus
966 2231 1045 2279 ipsa
1066 2231 1266 2267 solitudine
1287 2231 1428 2268 abster-

145 2285 219 2327 riti,
240 2297 288 2320 ne
308 2297 382 2332 qua
402 2285 501 2320 fraus
522 2285 664 2321 hostilis
697 2296 809 2332 vagos
831 2284 1032 2331 exciperet,
1056 2283 1092 2319 in
1123 2283 1242 2319 forum
1273 2295 1317 2319 ac
1346 2296 1427 2331 pro-

146 2337 285 2386 pinqua
307 2337 384 2373 soro
403 2336 485 2373 loca
514 2337 727 2385 conglobati
758 2336 929 2372 redibant
947 2347 955 2371 t
994 2335 1057 2371 ubi
1078 2348 1155 2381 eOS,
1174 2335 1295 2384 plebis
1315 2335 1428 2372 aedifi-

147 2389 217 2426 ciis
255 2389 448 2434 obseratis,
486 2389 702 2438 patentibus
738 2388 840 2424 atriis
885 2387 1111 2436 principum,
1149 2388 1265 2436 major
1311 2386 1472 2436 prope40

148 2441 342 2478 cunctatio
373 2441 525 2478 tenebat
554 2448 693 2490 aperta,
735 2439 848 2488 quam
878 2440 1019 2485 clausa,
1062 2439 1286 2476 invadendi:
1332 2437 1427 2476 ade&

147 2494 246 2531 haud
267 2506 378 2531 secus
395 2493 508 2542 quam
543 2493 800 2530 venerabundi
830 2493 1074 2529 intuebantur
1094 2492 1131 2528 in
1161 2492 1296 2528 aedium
1319 2491 1427 2528 vesti·
