1617 2765
139 743 164 767 10

135 1002 165 1026 15

132 1259 164 1284 20

131 1776 163 1801 30

132 2294 162 2319 40

575 167 712 198 LIBER
735 166 892 197 XXXIV.
931 176 1006 197 CAP.
1024 176 1072 197 ιν,
1377 170 1455 206 253

233 261 300 299 IV.
337 269 361 286 ‘⁶
377 263 483 310 Saepe
503 273 562 297 me
582 266 799 308 querentem
829 260 875 295 de
905 259 1156 302 flemmarum,
1178 272 1274 307 saepe
1295 260 1341 296 de
1363 262 1454 298 viro-

183 319 206 335 “
220 326 314 359 rum,
334 327 407 351 nec
426 314 472 350 de
504 313 726 361 privatorum
762 311 885 358 modo,
914 312 980 347 sed
1010 311 1123 346 etiam
1153 312 1451 359 magistratuum,

182 366 428 414 “sumptibus
447 364 626 408 audistis3
670 363 898 411 diversisque
928 363 1075 399 duobus
1104 362 1215 409 vitiis,
1236 364 1387 399 avaritia
1416 373 1453 402 et

181 422 205 439 ‘⁴
218 416 379 464 luxuria,
399 417 588 454 civitatem
608 415 775 452 laborare
793 429 800 460 ;
840 428 922 463 quae
941 423 1067 463 pestes
1084 414 1212 451 om'nia
1231 427 1368 463 magna
1387 416 1453 452 im-

181 469 320 516 “peria
339 475 561 505 everterunt.
619 468 716 504 Haeo
734 480 818 515 ego,
838 467 910 515 quo
931 466 1060 502 melior
1093 466 1284 514 laetiorque
1315 467 1353 503 in
1374 467 1453 504 dies

181 519 366 557 “fortuna
393 520 608 569 reipublicae
645 526 714 566 est,
758 519 1028 567 imperiumque
1057 519 1205 564 crescit,
1235 526 1272 554 et
1309 518 1386 567 jam
1416 519 1454 556 in

180 571 402 609 “Graeeiam
444 573 650 620 Asiamque
689 572 1005 617 transcendimus,
1041 571 1217 607 omnibus
1254 570 1454 607 libidinum

180 623 405 660 “illecebris
432 625 604 673 repletas,
624 631 662 660 et
680 623 803 672 regias
832 624 944 660 etiam
965 630 1207 659 attrectamus
1225 635 1368 671 gazas;
1408 623 1454 659 eo

178 681 203 698 “
217 674 298 723 plus
318 676 461 723 horreo,
482 689 528 713 ne
548 676 620 713 illae
641 676 759 725 magis
778 688 837 712 res
857 688 924 711 nos
942 675 1124 723 ceperint,
1141 674 1251 722 quam
1272 687 1340 711 nos
1360 675 1452 711 illas.

179 732 203 750 “
218 726 370 774 Infesta,
394 729 485 765 mihi
505 728 659 774 credite,
680 729 788 777 sigua
820 728 867 763 ab
901 727 1097 776 Syracusis
1125 727 1227 763 illata
1258 734 1346 763 sunt
1366 727 1455 764 huic

180 784 204 802 ‘⁴
217 779 311 816 urbi.
367 780 453 817 Jam
474 780 586 817 nimis
606 780 741 816 multos
761 780 873 816 audio
893 779 1065 816 Corinthi
1085 785 1122 815 et
1142 779 1379 815 Athenarum
1399 792 1456 816 or-

180 836 396 869 “namenta
426 832 623 869 laudantes
652 832 916 880 mirantesque,
946 838 983 868 et
1015 831 1182 867 antefixa
1210 831 1340 867 fictilia
1359 831 1456 868 Deo-

180 888 203 905 “
217 895 298 919 rum
319 884 576 921 Romanorum
598 884 773 921 ridentes.
829 884 911 932 Ego
931 884 998 920 hos
1019 883 1115 920 malo
1133 883 1310 931 propitios
1329 883 1454 928 Deos3

180 940 253 970 “et
273 935 323 972 ita
342 949 450 984 spero
478 936 633 978 futuros,
668 936 698 971 si
719 936 756 971 in
789 936 866 972 suis
895 948 1048 971 manere
1077 935 1229 971 sedibus
1255 935 1454 983 patiemur.

180 986 202 1008 “
217 985 369 1024 Patrum
389 994 597 1024 nostrorum
619 987 799 1023 memoria
804 1000 890 1035 ,per
909 987 1073 1035 legatum
1095 987 1254 1022 Cineam
1276 987 1454 1034 Pyrrhus,

179 1043 291 1074 “non
320 1039 481 1076 virorum
511 1034 636 1082 modo,
673 1039 739 1075 sed
767 1039 881 1075 etiam
923 1038 1136 1085 mulierum,
1174 1038 1318 1074 animos
1347 1038 1455 1074 donis

179 1091 382 1127 “tentavit.
452 1091 631 1127 Nondum
664 1091 725 1127 lex
759 1090 884 1138 Oppia
912 1091 958 1126 ad
987 1068 1238 1131 coercehdam
1268 1090 1453 1127 luxuriam

180 1142 438 1179 “muliebrem
475 1142 549 1179 lata
577 1149 676 1178 erat:
707 1149 831 1178 tamen
862 1143 964 1178 nulla
992 1142 1151 1190 accepit.
1207 1141 1338 1180 Quam
1367 1155 1455 1178 cau-

180 1198 203 1215 “
218 1205 296 1229 sam
318 1193 430 1230 fuisse
451 1194 640 1230 censetis?
697 1194 840 1230 Eadem
866 1193 944 1239 suit,
978 1207 1062 1241 quae
1095 1193 1299 1242 majoribus
1319 1194 1454 1230 nostris

180 1244 308 1281 “nihil
339 1246 385 1281 de
414 1246 485 1282 hac
513 1258 552 1282 re
581 1245 663 1294 lege
692 1246 914 1282 sanciendi:
945 1246 1046 1281 nulla
1075 1254 1155 1281 erat
1183 1245 1339 1291 luxuria,
1371 1258 1453 1293 quae

179 1301 464 1334 “coerceretur.
522 1297 630 1334 Sicut
649 1297 734 1334 ante
755 1298 902 1334 morbos
934 1310 1090 1333 necesse
1123 1304 1177 1334 est
1207 1297 1378 1345 cognitos
1396 1310 1455 1334 es-

179 1354 202 1370 “
216 1359 268 1391 se,
288 1349 399 1396 quam
419 1349 586 1385 remedia
604 1361 733 1385 eorum
751 1362 760 1393 3
791 1349 846 1385 sic
867 1349 1091 1397 cupiditates
1110 1349 1217 1397 prius
1236 1355 1333 1384 natae
1353 1356 1452 1393 sunt,

178 1400 326 1446 “quam
348 1401 460 1449 leges,
482 1413 564 1449 quae
594 1401 638 1437 iis
667 1401 819 1437 modum
850 1401 1029 1437 facerent.
1083 1400 1191 1440 Quid
1211 1401 1333 1449 legem
1354 1400 1454 1437 Lici-

177 1456 202 1473 “
216 1451 316 1487 niam
337 1453 513 1489 excitavit
533 1453 579 1488 de
598 1453 815 1500 quingentis
839 1452 1048 1501 jugeribus,
1069 1453 1140 1488 nisi
1162 1453 1296 1501 ingens
1316 1453 1454 1500 cupido

178 1508 323 1551 “agros
360 1504 639 1540 continuandi?
694 1504 802 1543 Quid
839 1505 961 1553 legem
1002 1504 1175 1541 Cinciam
1206 1505 1252 1540 de
1282 1504 1389 1540 donis
1416 1512 1454 1540 et

178 1560 202 1578 “
218 1555 449 1603 muneribus,
469 1556 541 1592 nisi
561 1556 647 1604 quia
665 1556 859 1604 vectigalis
887 1556 965 1605 jam
985 1563 1023 1592 et
1054 1555 1298 1605 stipendiaria
1325 1556 1453 1604 plebes

177 1610 297 1642 “esse
326 1607 473 1644 senatui
502 1609 694 1655 coeperat‘?
768 1608 898 1656 Itaque
928 1608 1085 1645 minime
1115 1608 1250 1644 mirum
1283 1614 1350 1653 est,
1379 1620 1453 1644 nec

176 1662 201 1682 ‘⁶
214 1657 390 1706 Oppiam,
427 1672 499 1695 nec
529 1659 638 1695 aliam
667 1660 781 1696 ullam
809 1667 888 1696 tum
927 1660 1048 1707 legem
1078 1660 1328 1696 desideratam
1358 1672 1451 1705 esse,

177 1714 294 1757 “quae
314 1711 464 1747 modum
496 1711 705 1759 sumptibus
726 1711 924 1748 mulierum
955 1711 1109 1758 faceret,
1129 1724 1242 1759 quum
1264 1723 1394 1747 aurum
1415 1718 1453 1748 et

176 1766 414 1810 “purpuram
434 1763 522 1799 data
540 1770 577 1799 et
595 1763 717 1799 oblata
749 1763 844 1800 ultro
873 1776 948 1799 non
981 1763 1230 1812 accipiebant.
1288 1763 1328 1799 Si
1349 1776 1452 1800 nunc

177 1817 300 1849 “cum
320 1814 392 1850 illis
412 1815 520 1851 donis
540 1815 681 1851 Cineas
713 1815 843 1851 urbem
873 1815 1103 1859 circumiret,
1133 1822 1273 1851 stantes
1294 1815 1331 1851 in
1360 1815 1452 1863 pub-

175 1864 285 1902 “lico
305 1865 520 1913 invenisset,
541 1879 622 1915 quae
651 1867 877 1915 acciperent.
936 1869 1060 1915 Atque
1090 1880 1161 1915 ego
1187 1867 1451 1903 nonnullarum

175 1917 459 1966 “cupiditatum
488 1931 536 1954 ne
565 1931 717 1955 causam
746 1919 897 1966 quidem
935 1926 999 1955 aut
1027 1919 1210 1956 rationem
1248 1918 1342 1955 inire
1371 1931 1452 1967 pos-

175 1973 199 1992 ‘'·
212 1981 320 2006 sum:
366 1982 453 2006 nam
491 1977 544 2017 ut,
581 1971 680 2018 quod
709 1970 770 2006 alii
800 1970 922 2016 liceat,
952 1970 1020 2007 tibi
1048 1984 1124 2008 non
1153 1971 1282 2013 licere,
1313 1970 1450 2019 aliquid

176 2019 369 2058 “sortasse
407 2022 586 2058 naturalis
615 2029 678 2059 aut
707 2022 858 2071 pudoris
887 2030 951 2060 aut
986 2022 1257 2072 indignationis
1286 2022 1450 2067 habeat;

176 2077 199 2096 “
213 2071 281 2115 sic,
303 2080 447 2122 aequato
466 2074 634 2110 omnium
654 2075 771 2118 cultu,
791 2075 881 2122 quid
915 2087 1147 2123 unaquaeque
1167 2075 1330 2110 vestrum
1350 2086 1452 2111 vere-

177 2129 200 2148 ‘
191 2130 285 2171 tur,
306 2137 354 2161 ne
384 2126 421 2162 in
451 2138 491 2162 se
511 2126 794 2175 conspiciatur?
850 2127 1041 2163 Pessimus
1061 2127 1211 2175 quidem
1240 2126 1361 2175 pudor
1393 2134 1451 2162 est

176 2180 200 2200 “
214 2176 268 2212 vel
288 2178 536 2225 parsimoniae,
556 2178 612 2214 vel
632 2178 881 2227 paupertatis:
902 2179 968 2215 sed
984 2186 1182 2227 utrumque
1198 2178 1259 2215 lex
1272 2178 1374 2215 vobis
1390 2179 1452 2215 de-

176 2232 199 2251 *-
213 2227 292 2272 mit,
311 2241 426 2288 quum
447 2230 497 2273 id,
517 2230 615 2278 quod
635 2231 772 2267 habere
792 2243 867 2267 non
888 2231 988 2275 licet,
1005 2243 1080 2267 non
1098 2231 1255 2267 habetis.
1285 2230 1450 2273 ‘Hanc‚‘

177 2279 343 2328 “inquit‚
382 2281 522 2340 ‘ipsam
558 2283 854 2341 exaequationem
891 2296 966 2320 non
1009 2283 1114 2326 fero‚’
1154 2283 1216 2320 illa
1254 2283 1450 2331 locuples:

176 2336 307 2369 “‘cur
336 2346 410 2370 non
442 2334 602 2383 insignis
631 2347 722 2371 auro
749 2343 787 2372 et
815 2348 980 2384 purpura
999 2335 1211 2384 conspicior
1232 2336 1246 2371 Ἰ
1277 2348 1345 2371 cur
1363 2346 1451 2382 pau-

176 2389 199 2407 “
213 2388 223 2407 ‘
237 2391 360 2432 pertas
380 2385 534 2422 aliarum
554 2387 623 2422 sub
644 2387 714 2423 hac
735 2387 828 2436 legis
847 2388 973 2436 specie
1003 2388 1105 2431 latet,
1136 2395 1189 2430 ut,
1221 2387 1318 2434 quod
1341 2386 1451 2422 habe-

175 2440 275 2472 ιΗιτεὲ
296 2450 368 2474 non
389 2448 557 2487 possunt,
591 2439 784 2483 habiturae,
819 2440 847 2476 si
883 2439 1024 2486 liceret,
1055 2440 1169 2476 fuisse
1199 2439 1394 2474 videantur
1412 2437 1450 2473 ‘l’

589 2490 640 2512 00

591 2514 640 2526 ..Η
