1617 2765
580 192 716 224 LIBER
739 193 765 223 Ι.
811 202 891 223 CAP.
909 203 991 224 mir.
1368 198 1419 236 49

144 296 249 327 atrox
268 289 408 326 invidia
426 294 505 324 orta
538 295 606 334 est,
639 287 774 336 gladiis
807 287 845 323 in
876 288 1000 324 medio
1033 288 1174 336 positis,
1192 296 1242 334 ut,
1275 291 1418 329 indicta

144 343 271 388 causa,
291 353 386 378 novo
403 352 543 389 genere
559 340 634 385 leti,
656 340 826 388 dejectus
859 341 905 376 ad
936 350 1049 389 caput
1065 353 1169 388 aquae
1189 341 1416 391 Ferentinae,

143 400 244 430 crate
263 393 422 441 superne
443 392 584 441 injecta
603 392 776 440 saxisque
796 393 995 441 congestis,
1017 401 1259 442 mergeretur.

194 496 282 534 LII.
311 495 520 533 Revocatis
539 496 677 532 deinde
698 497 743 532 ad
765 496 968 534 concilium
993 497 1150 544 Latinis,
1172 497 1415 546 Tarquinius,

114 549 450 597 ⁵0ollaudatisque,
470 549 531 597 qui
549 549 725 585 Turnum
743 556 941 585 novantem
962 562 1022 585 res
1041 561 1106 597 pro
1122 550 1320 587 manifesto
1340 564 1420 600 par-

141 600 274 638 ricidio
304 602 435 638 merita
467 603 578 649 poena
608 601 833 646 affecissent,
868 602 919 637 ita
951 601 1064 637 verba
1094 602 1207 638 fecit:
1264 603 1419 640 “Posse

142 654 334 701 “quidem
354 666 394 689 se
414 660 558 689 vetusto
574 653 657 701 jure
688 665 812 701 agere,
843 653 953 701 quod,
987 666 1100 701 quum
1131 667 1263 691 omnes
1294 655 1418 692 Latini

141 707 165 726 ‘⁶
182 705 229 741 ab
251 706 347 742 Alba
366 705 514 742 oriundi
535 705 622 748 sint,
643 705 681 741 in
702 718 746 741 eo
767 705 905 741 soedere
926 713 1138 749 teneantur,
1169 719 1241 754 quo
1261 708 1307 744 ab
1328 708 1420 744 Tul-

142 757 218 794 “lo
238 771 296 794 res
314 757 436 794 omnis
456 757 607 793 Albana
641 770 728 793 cum
762 757 905 794 colonis
938 758 1014 793 suis
1044 758 1082 794 in
1104 759 1320 795 Romanum
1342 773 1421 796 ces-

100 820 130 845 10
143 810 167 831 “
183 810 271 846 serit
291 810 500 858 imperium.
558 809 744 845 Caeterum
776 822 815 845 se
846 810 1015 846 utilitatis
1044 810 1080 846 id
1111 811 1231 859 magis
1250 812 1418 848 omnium

142 864 166 884 “
184 863 298 898 causa
318 874 486 904 censere,
508 868 548 897 ut
567 869 764 897 renovetur
794 862 830 897 id
863 862 1007 907 foedus3
1038 863 1279 911 secundaque
1300 864 1420 912 potius

142 916 167 936 “
185 914 330 950 fortuna
350 913 476 962 populi
498 913 664 949 Romani
686 920 726 949 ut
746 913 946 961 participes
967 914 1090 950 Latini
1110 914 1290 959 fruantur,
1309 916 1419 964 quam

142 968 167 988 “
184 966 331 1001 urbium
351 965 519 1000 exscidia
538 965 836 1012 vastationesque
858 977 1044 1013 agrorum,
1065 979 1157 1013 quas
1174 967 1285 1003 Anco
1304 967 1418 1015 prius,

142 1020 167 1041 “
183 1024 285 1065 patre
305 1017 443 1052 deinde
464 1029 532 1052 suo
560 1023 756 1065 regnante,
791 1017 957 1064 perpessi
991 1018 1078 1060 sint,
1100 1030 1246 1066 semper
1276 1026 1339 1055 aut
1358 1032 1421 1056 ex-

100 1073 166 1103 15“
183 1076 366 1117 spectent,
405 1076 469 1104 aut
504 1069 729 1117 patiantur.’'
801 1069 915 1104 Haud
958 1069 1158 1105 difficulter
1200 1083 1420 1118 persuasum

142 1122 300 1167 Latinis,
319 1133 542 1169 quamquam
565 1120 602 1156 in
623 1134 667 1156 eo
695 1120 833 1156 foedere
867 1122 1033 1169 superior
1055 1122 1231 1158 Romana
1250 1136 1309 1159 res
1329 1131 1420 1161 erat.

142 1173 330 1212 Caeterum
350 1180 387 1209 et
406 1173 529 1220 capita
549 1173 711 1209 nominis
732 1173 856 1209 Latini
878 1181 974 1209 stare
1001 1186 1045 1209 ac
1065 1174 1204 1210 sentire
1225 1188 1312 1211 cum
1332 1189 1420 1225 rege

142 1226 317 1264 videbant
335 1238 345 1268 ς
379 1231 416 1261 et
435 1225 592 1261 Turnus
611 1225 668 1261 sui
689 1225 824 1273 cuique
859 1226 1015 1273 periculi
1034 1253 1042 1268 ,
1065 1226 1093 1261 si
1129 1227 1344 1264 adversatus
1363 1241 1420 1264 es-

142 1286 210 1320 set,
240 1290 374 1314 recens
406 1284 485 1313 erat
514 1277 795 1313 documentum.
854 1277 911 1313 Ita
948 1285 1165 1314 renovatum
1201 1279 1333 1325 foedus,
1368 1280 1423 1316 in-

98 1331 360 1377 2⁰dictumque
376 1329 588 1378 junioribus
607 1329 841 1375 Latinorum,
876 1336 915 1366 ut
944 1342 990 1365 ex
1011 1330 1150 1366 soedere
1171 1331 1231 1367 die
1252 1332 1356 1368 certa
1375 1333 1421 1369 ad

143 1384 270 1419 lucum
293 1381 507 1417 Ferentinae
541 1382 672 1417 armati
703 1381 916 1429 frequentes
949 1382 1136 1418 adessent.
1192 1383 1271 1422 Qui
1291 1385 1354 1420 ubi
1375 1386 1421 1421 ad

143 1435 309 1471 edictum
331 1434 496 1470 Romani
512 1433 610 1481 regis
643 1446 689 1469 ex
721 1434 897 1469 omnibus
930 1434 1075 1491 populis
1095 1448 1329 1472 convenere·
1321 1464 1330 1480 ,
1374 1450 1422 1473 ne

144 1487 281 1523 ducem
319 1498 442 1526 suum,
476 1498 570 1520 neve
607 1492 795 1520 secretum
837 1485 1048 1533 imperium,
1092 1487 1285 1535 propriave
1315 1489 1424 1537 signa

144 1539 339 1583 haberent,
359 1537 510 1572 miscuit
530 1537 740 1585 manipulos
773 1549 820 1573 ex
853 1537 1000 1573 Latinis
1021 1538 1294 1596 Romanisque,
1318 1548 1358 1576 ut
1376 1553 1423 1577 ex

99 1591 243 1626 2⁵binis
263 1588 429 1637 singulos
450 1589 601 1631 faceret,
649 1589 830 1636 binosque
859 1602 904 1625 ex
933 1590 1119 1638 singulis:
1150 1591 1201 1627 ita
1219 1592 1423 1640 geminatis

145 1641 345 1690 manipulis
365 1641 604 1677 centuriones
624 1640 813 1689 imposuit.

197 1745 306 1782 LIII.
335 1745 435 1788 Nec,
457 1752 497 1781 ut
527 1744 687 1793 injustus
717 1745 753 1781 in
783 1758 877 1794 pace
897 1759 975 1792 rex,
1004 1745 1055 1782 ita
1074 1747 1150 1783 dux
1173 1747 1260 1784 belli
1288 1761 1424 1797 pravus
1448 1761 1449 1764 ’

146 1798 238 1835 fuit:
267 1797 356 1846 quin
375 1797 419 1833 'ea
441 1804 518 1833 arte
539 1798 721 1844 aequasset
753 1799 962 1846 superiores
992 1811 1113 1847 reges,
1145 1800 1184 1835 ni
1216 1801 1423 1849 degenera-

144 1858 222 1886 tum
243 1850 281 1886 in
301 1849 383 1885 aliis
398 1849 487 1885 huic
506 1862 652 1896 quoque
672 1850 798 1886 decori
831 1850 1030 1886 offecisset.
1088 1851 1126 1886 Is
1158 1852 1302 1900 primus
1337 1853 1424 1889 Vol-

100 1903 220 1939 auseis
238 1902 377 1938 bellum
405 1901 442 1937 in
477 1901 661 1937 ducentos
695 1902 852 1950 amplius
884 1910 967 1950 post
999 1916 1105 1938 suam
1136 1910 1284 1940 aetatem
1305 1917 1423 1942 annos

148 1955 286 1998 movit;
317 1954 569 2005 Suessamque
590 1953 798 1990 Pometiam
832 1967 880 1990 ex
915 1955 973 1990 his
992 1955 1026 1991 vi
1044 1955 1168 2003 cepit:
1210 1956 1273 1992 ubi
1308 1970 1422 2005 quum

146 2006 349 2043 dividenda
368 2006 492 2054 praeda
521 2006 797 2063 quadringenta
825 2006 966 2042 talenta
1000 2007 1145 2055 argenti
1179 2009 1334 2057 aurique
1367 2022 1424 2046 re-

146 2058 318 2102 fecisset,
348 2057 524 2106 concepit
556 2057 682 2094 auimo
711 2071 795 2094 earn
826 2058 1113 2106 amplitudinem
1143 2059 1247 2096 Jovis
1281 2061 1422 2110 templi,

145 2123 228 2158 quae
248 2110 364 2159 digna
383 2109 507 2146 Deum
528 2110 798 2158 hominumque
826 2123 927 2159 rege,
948 2124 1031 2159 quae
1051 2111 1260 2149 Romano
1252 2114 1422 2161 lmperio‚

102 2170 134 2194 35
147 2174 227 2219 quae
244 2163 362 2210 ipsius
377 2162 490 2198 etiam
507 2161 579 2198 loci
612 2162 805 2211 majestate
825 2170 934 2199 esset.
991 2163 1188 2211 Captivam
1221 2166 1422 2213 pecuniam

147 2214 185 2250 in
207 2214 492 2250 aedificationem
513 2214 595 2262 ejus
614 2214 742 2262 templi
762 2216 938 2273 seposuit.
995 2215 1158 2264 Excepit
1177 2217 1315 2253 deinde
1336 2230 1422 2254 eum

147 2265 285 2301 lentius
304 2278 368 2313 spe
387 2266 540 2312 bellum,
560 2279 632 2314 quo
650 2266 804 2313 Gabios,
838 2267 1082 2316 propinquam
1104 2269 1248 2312 urbem,
1268 2270 1424 2318 nequid-

147 2329 259 2364 quam
279 2317 312 2352 vi
333 2317 494 2360 adortus,
514 2331 627 2366 quum
650 2319 860 2355 obsidendi
893 2333 1039 2379 quoque
1055 2320 1185 2357 urbem
1207 2334 1291 2370 spes
1316 2322 1423 2370 pulso

148 2381 169 2405 a
190 2369 375 2405 moenibus
394 2369 567 2418 adempta
586 2378 697 2414 esset,
732 2371 917 2419 postremo
950 2372 1104 2408 minime
1132 2380 1210 2409 arte
1232 2374 1421 2418 Romana,

104 2428 136 2453 ⁴0
149 2421 277 2457 fraude
297 2433 341 2457 ac
361 2421 457 2463 dolo,
478 2433 675 2469 aggressus
693 2430 773 2467 est,
810 2436 896 2460 nam
913 2437 1040 2472 quum,
1059 2425 1159 2461 velut
1175 2426 1293 2473 posito
1314 2425 1422 2470 bello,

149 2473 402 2509 fundamentis
422 2473 751 2560 101111111ὲῆοἰθι11115
785 2476 939 2524 aliisque
975 2477 1128 2512 urbanis
1160 2478 1335 2525 oporibus
1368 2476 1424 2512 iu·
1470 2507 1479 2519 ,
