1617 2765
138 181 212 220 182
681 181 772 212 T1T1
797 180 908 211 leu

187 274 400 312 XXXVII.
443 274 632 320 Tandem,
653 275 903 322 nequidquam
921 274 1101 324 jumentis
1121 281 1231 322 atque
1251 273 1410 312 homini-

135 326 204 363 bus
224 326 402 376 fatigatis,
435 334 558 363 castra
591 327 628 362 in
658 327 749 375 jugo
768 327 898 374 posita,
930 327 1124 375 aegerrime
1154 327 1200 362 ad
1220 326 1258 362 id
1286 326 1409 374 ipsum

136 378 218 415 loco
236 386 393 428 purgato
409 391 417 415 :
447 386 591 420 tantum
612 378 707 414 nivis
724 378 941 414 fodiendum
957 386 1066 426 atque
1083 378 1314 426 egerendum
1328 377 1408 414 fuit.

135 430 230 467 Inde
250 431 296 467 ad
317 443 445 479 rupem
467 430 723 474 muniendam,
744 442 809 477 per
837 442 947 477 quam
980 442 1094 466 unam
1127 430 1185 465 via
1207 442 1289 465 esse
1309 436 1410 477 pote-

134 489 202 525 rat,
223 483 360 519 milites
378 482 494 526 ducti,
514 494 628 529 quum
649 482 871 518 caedendum
905 489 1004 517 esset
1036 494 1180 527 saxum,
1214 481 1408 517 arboribus
1437 490 1454 516 5

133 533 237 571 circa
257 534 483 570 immanibus
512 533 669 582 dejectis
696 533 1014 581 detruncatisque,
1045 540 1184 569 struem
1215 533 1409 580 ingentem

133 586 320 634 lignorum
341 585 508 629 faciunt;
551 597 707 632 eamque
728 585 862 634 (quum
881 592 919 621 et
937 585 990 621 vis
1010 585 1109 621 venti
1130 592 1215 633 apta
1234 583 1410 620 faciendo

133 638 210 685 igni
232 645 358 674 coorta
377 637 493 686 esset)
513 637 764 679 succendunt,
786 637 1029 685 ardentiaque
1049 649 1139 673 saxa
1158 636 1282 673 infuso
1301 643 1410 672 aceto

131 689 397 737 putrefaciunt.
453 688 512 724 Ita
531 687 709 724 torridam
729 688 906 724 incendio
935 701 1066 737 rupem
1097 688 1194 724 ferro
1225 688 1407 736 pandunt,

132 741 376 788 molliuntque
396 740 627 777 anfractibus
656 739 815 776 modicis
843 739 968 784 clivos,
989 748 1030 776 ut
1058 752 1132 776 non
1156 739 1327 788 jumenta
1354 752 1410 776 so·
1425 748 1454 772 10

131 793 227 838 lum,
248 793 312 828 sed
333 791 522 840 elephanti
542 791 670 837 etiam,
691 791 829 827 deduci
848 798 1010 839 possent.
1065 791 1323 830 Quatriduum
1341 791 1411 827 cir-

132 857 177 880 ca
197 857 326 892 rupem
347 850 624 891 consumptum,
642 842 822 892 jumentis
839 842 953 891 prope
970 842 1068 879 fame
1088 842 1314 890 absumptis:
1344 855 1411 879 nu-

132 897 180 932 da
198 896 299 932 enim
320 896 396 932 fere
416 895 617 932 cacumina
636 902 743 940 sunt;
783 902 833 938 et,
853 895 884 931 si
903 895 991 942 quid
1011 901 1068 931 est
1085 894 1225 943 pabuli,
1246 894 1411 931 obruunt

132 949 249 984 nives.
320 947 504 984 Inferiora
524 947 637 983 valles
665 954 702 983 et
731 947 876 995 apricos
903 947 1084 994 quosdam
1113 946 1227 983 colles
1256 946 1408 989 habent,

131 1000 302 1048 rivosque
321 1011 435 1048 prope
467 999 590 1045 silvas,
620 1006 658 1035 et
686 999 762 1048 jam
792 999 957 1035 humano
985 999 1090 1034 cultu
1118 998 1290 1046 digniora
1314 998 1407 1034 loca.
1425 1006 1454 1032 15

131 1052 190 1088 lbi
223 1053 396 1101 jumenta
432 1051 471 1087 in
508 1051 686 1099 pabulum
721 1050 846 1094 missa,
878 1057 916 1086 et
943 1050 1048 1098 quies
1067 1050 1273 1086 muniendo
1303 1049 1410 1086 fessis

132 1104 347 1140 hominibus
366 1104 454 1139 data
472 1103 619 1139 triduo:
662 1103 750 1138 inde
771 1103 816 1138 ad
837 1102 989 1150 planum
1010 1102 1250 1148 descensum,
1270 1109 1307 1138 et
1331 1101 1409 1151 jam

130 1156 223 1192 locis
244 1155 474 1192 mollioribus
494 1161 531 1190 et
551 1154 763 1190 accolarum
785 1154 960 1202 ingeniis.

182 1258 418 1296 XXXVIII.
466 1258 553 1295 Hoc
573 1256 735 1294 maxime
750 1258 860 1294 modo
879 1257 917 1294 in
938 1257 1085 1294 Italiam
1104 1264 1325 1306 perventum
1341 1264 1409 1303 est,

130 1312 260 1360 quinto
281 1323 409 1347 mense
430 1323 451 1347 a
471 1310 702 1358 Carthagine
723 1310 829 1346 Nova
852 1310 912 1357 (ut
929 1310 1080 1358 quidam
1101 1316 1274 1346 auctores
1293 1309 1409 1360 sunt),
1422 1319 1455 1345 2⁰

129 1364 259 1413 quinto
278 1363 426 1400 decimo
445 1363 506 1398 die
527 1362 688 1411 Alpibus
707 1362 903 1410 superatis.
958 1361 1127 1401 Quantae
1146 1361 1265 1411 copiae
1289 1369 1411 1398 trans-

129 1429 257 1465 gresso
276 1416 314 1452 in
333 1415 479 1452 Italiam
501 1414 708 1451 Hannibali
730 1414 881 1461 fuerint,
911 1414 1148 1462 nequaquam
1167 1414 1263 1450 inter
1283 1420 1411 1451 aucto-

129 1482 188 1505 res
208 1474 380 1505 constat:
419 1467 481 1515 qui
515 1466 729 1515 plurimum,
750 1473 904 1502 centum
933 1466 1049 1502 millia
1068 1466 1247 1514 peditum,
1277 1465 1409 1514 viginti

129 1521 295 1569 equitum
326 1519 440 1556 fuisse
468 1519 665 1562 scribunt3
694 1518 757 1566 qui
778 1518 989 1560 minimum,
1011 1518 1143 1566 viginti
1163 1517 1280 1554 millia
1307 1517 1411 1566 pedi-

129 1581 223 1615 tum,
254 1585 318 1608 sex
348 1571 527 1619 equitum.
584 1570 627 1607 L.
650 1570 807 1606 Cincius
838 1570 1065 1615 Alimentus,
1096 1569 1159 1618 qui
1188 1576 1340 1617 captum
1369 1578 1454 1605 sess

130 1625 176 1661 ab
197 1623 413 1661 Hannibale
433 1623 576 1666 scribit,
596 1622 757 1658 maxime
785 1629 914 1658 auctor
944 1634 1004 1658 me
1024 1629 1200 1666 moveret,
1222 1621 1293 1657 nisi
1323 1633 1411 1657 con-

132 1676 304 1713 funderet
333 1688 548 1721 numerum,
577 1675 696 1711 Gallis
727 1674 1003 1723 Liguribusque
1037 1673 1195 1709 additis:
1242 1685 1327 1709 cum
1352 1673 1410 1709 his

129 1728 321 1777 octoginta
341 1727 458 1763 millia
475 1726 658 1775 peditum,
678 1726 811 1763 decem
830 1726 1012 1774 equiturn,
1030 1725 1193 1761 adducta
1208 1725 1245 1762 in
1260 1724 1409 1761 Italiam

131 1780 266 1831 (magis
285 1779 473 1816 affluxisse
494 1778 694 1815 verisimile
713 1785 782 1825 est,
802 1785 839 1815 et
859 1778 910 1814 ita
923 1778 1075 1826 quidam
1092 1784 1264 1814 auctores
1280 1777 1384 1827 sunt)
1400 1789 1408 1813 :

130 1846 177 1869 ex
219 1833 299 1880 ipso
338 1839 463 1868 autem
501 1831 651 1867 audisse
690 1829 920 1872 Hannibale,
954 1837 1147 1877 postquam
1177 1829 1408 1865 Rhodanum
1421 1837 1454 1862 3ο

129 1884 330 1926 transierit,
351 1883 505 1931 triginta
524 1896 589 1918 sex
608 1882 725 1918 millia
755 1882 961 1925 hominum,
993 1881 1259 1928 ingentemque
1279 1893 1410 1916 nume-

129 1949 211 1973 rum
231 1947 410 1984 equorum
431 1941 468 1971 et
488 1934 644 1970 aliorum
662 1934 930 1982 jumentorum,
965 1932 1134 1968 amisisse
1155 1932 1192 1968 in
1214 1932 1408 1976 Taurinis,

129 2001 212 2037 quae
232 1987 349 2023 Gallis
369 1986 538 2035 proxima
555 1998 650 2034 gens
669 1991 761 2027 erat,
783 1984 820 2020 in
840 1984 988 2020 Italiam
1009 1983 1197 2031 degresso.
1229 1983 1273 2020 Id
1293 1997 1408 2032 quum

131 2040 226 2077 inter
245 2051 377 2076 omnes
397 2045 554 2083 constet,
588 2036 634 2073 eo
657 2036 774 2085 magis
794 2036 906 2072 miror
935 2035 1089 2083 ambigi,
1108 2036 1270 2083 quiinam
1293 2036 1410 2084 Alpes

130 2091 342 2135 transierim
385 2097 422 2127 et
442 2088 551 2138 vulgo
571 2089 739 2131 credere,
775 2087 920 2124 Penino
941 2086 1068 2136 (atque
1089 2087 1177 2124 inde
1206 2100 1344 2124 nomen
1373 2096 1455 2125 et35

126 2145 220 2194 jugo
241 2143 397 2191 Alpium
417 2141 596 2191 inditum)
618 2149 890 2189 transgressum
909 2152 917 2175 ε
964 2139 1108 2175 Coelius
1127 2152 1191 2188 per
1211 2140 1410 2177 Cremonis

127 2196 259 2245 jugum
281 2195 374 2231 dicit
392 2195 568 2231 transisse
587 2206 594 2230 ;
636 2195 698 2241 qui
719 2192 828 2228 ambo
847 2192 961 2228 saltus
990 2204 1077 2227 eum
1111 2204 1186 2228 non
1216 2192 1254 2228 in
1275 2192 1412 2229 Tauri·

131 2260 211 2290 n05‚
233 2247 298 2283 sed
318 2259 383 2295 per
404 2246 574 2283 Salassos
599 2252 795 2282 montanos
824 2244 870 2280 ad
904 2243 1045 2280 Libuos
1074 2243 1215 2291 Gallos,
1236 2244 1411 2281 deduxis-

132 2306 228 2337 sent.
285 2299 370 2335 Nec
390 2297 590 2334 verisimile
609 2303 676 2341 est,
697 2309 743 2332 ea
761 2303 839 2332 tum
860 2296 907 2332 ad
939 2295 1100 2332 Galliam
1118 2297 1282 2344 patuisse
1303 2296 1411 2333 itine-

134 2364 198 2395 ra3
228 2351 368 2398 utique,
389 2362 470 2398 quae
491 2349 537 2385 ad
559 2349 745 2385 Peninum
767 2347 902 2394 serunt,
933 2348 1088 2396 obsepta
1107 2349 1283 2397 gentibus
1302 2349 1410 2385 semi-
1423 2357 1454 2382 4ο

135 2403 326 2451 germanis
346 2402 527 2438 fuissent:
557 2413 692 2448 neque,
714 2400 894 2446 Hercule,
928 2400 1117 2436 montibus
1138 2400 1194 2436 his
1232 2400 1278 2449 (si
1299 2413 1409 2448 quem

136 2454 230 2491 forte
251 2455 288 2492 id
309 2454 449 2505 movet)
481 2453 528 2489 ab
547 2453 704 2489 transitu
738 2452 939 2490 Poenorum
970 2452 1044 2489 ullo
1073 2453 1244 2502 Veragri,
1280 2452 1409 2488 incolae
