1617 2765
443 475 593 513 LIBRI
626 474 872 513 VICESIMI
903 476 1130 514 SEPTIMI

593 603 690 634 CAP.
714 603 861 634 XXXVI
874 621 916 627 —
928 604 984 634 LI.

451 849 618 871 EPITOME
644 850 750 871 LIBRI
772 849 943 871 VICESIMI
970 849 1132 871 SEPTHM.

178 935 235 960 Cn.
249 935 383 961 Furnius
396 935 548 967 proconsul,
561 942 622 960 cum
635 935 767 966 exercitu,
785 935 819 960 ab
832 934 983 960 Hannibale
990 935 1023 960 ad
1036 935 1206 960 Herdoneam
1217 943 1299 961 cresus
1309 940 1358 961 est.
1384 936 1440 962 Me-

145 968 210 993 liore
222 973 321 993 eventu
333 976 350 993 a.
362 968 479 993 Claudio
492 968 621 993 Marcello
632 968 740 993 consule
754 968 883 993 adversus
894 968 1018 993 eumdem
1029 969 1062 993 ud
1075 968 1278 994 Numistronem
1292 977 1344 1001 pug
1349 974 1439 994 natum

145 1005 206 1027 est:
225 1001 286 1026 inde
300 1001 437 1026 Hannibal
447 1006 527 1026 noctu
541 1001 662 1026 recessit.
688 1001 831 1026 Marcellus
845 1001 981 1026 insecutus
994 1005 1046 1032 est,
1058 1005 1085 1026 et
1097 1001 1207 1026 subinde
1220 1002 1358 1027 cedentem
1371 1010 1441 1033 prus-

146 1033 193 1065 sit‚
212 1034 296 1059 donec
315 1034 484 1066 confligeret.
522 1033 611 1058 Priore
623 1041 675 1065 pug
662 1034 712 1058 “na
734 1033 870 1058 Hannibal
895 1033 1013 1065 superior
1035 1034 1096 1065 suit,
1118 1034 1265 1059 Marcellus
1279 1034 1438 1067 insequenti.

147 1066 249 1092 Fabius
265 1067 399 1092 Maximus
412 1071 489 1098 pater
511 1066 604 1091 consul
624 1067 787 1091 Tarentinos
802 1075 848 1098 per
865 1066 1042 1098 proditionem
1063 1067 1171 1104 recepit.
1206 1067 1238 1092 In
1257 1067 1389 1099 Hispania
1406 1067 1440 1092 ad

145 1099 281 1126 Baeeuiam
305 1099 398 1131 Scipio
430 1107 491 1124 cum
516 1099 683 1124 Hasdrubale
708 1099 869 1124 Hamilcaris
888 1099 1022 1130 conflixit,
1049 1103 1076 1124 et
1102 1099 1179 1125 vicit.
1215 1100 1288 1125 Inter
1305 1100 1360 1125 alia
1378 1108 1441 1131 cap-

146 1137 204 1157 tum
230 1140 344 1164 puerum
369 1132 489 1169 regalem
516 1132 622 1157 eximias
640 1131 731 1156 formas
758 1133 791 1156 ad
815 1132 978 1156 avunculum
1005 1132 1194 1157 Massinissam
1221 1141 1282 1158 cum
1308 1133 1384 1157 donis
1402 1133 1441 1157 di-

147 1165 231 1190 misit.
278 1164 409 1190 Claudius
433 1164 591 1196 Marcellus,
613 1164 648 1189 Τ.
674 1164 805 1190 Quintius
833 1164 983 1195 Crispinus,
1012 1165 1147 1196 consules,
1177 1165 1334 1196 speculandi
1358 1167 1441 1190 causa

146 1197 277 1230 progressi
297 1205 311 1222 e
329 1198 438 1228 castris,
466 1197 574 1222 insidiis
601 1197 634 1222 ab
662 1196 814 1222 Hannibale
844 1197 1025 1222 circumventi
1052 1201 1121 1222 sunt⁴
1170 1197 1317 1222 Marcellus
1335 1198 1440 1223 occisus

147 1219 216 1262 suit⁰;
235 1229 376 1262 Crispinus
395 1229 473 1262 sugit.
525 1230 579 1255 Res
597 1233 726 1261 praeterea
748 1238 765 1255 a
783 1230 813 1254 P.
832 1229 953 1261 Sulpicio
971 1234 1081 1261 praetore
1100 1230 1225 1255 adversus
1243 1230 1395 1262 Philippum
1413 1235 1441 1256 et

146 1269 262 1295 Achaeos
275 1273 364 1301 gestas
377 1268 510 1294 continet.
549 1273 672 1294 xxxm.
689 1264 840 1294 Lustrum
856 1274 873 1293 a
890 1264 1075 1294 censoribus
1089 1265 1253 1294 conditum
1270 1270 1339 1295 est:
1365 1274 1440 1294 cen-

147 1317 182 1338 sa
198 1312 271 1338 sunt
290 1308 408 1338 civium
426 1307 529 1346 capita
556 1310 687 1336 centum
713 1305 839 1346 triginta
863 1310 987 1344 septem
1013 1306 1120 1341 millia,
1137 1310 1267 1336 centurn
1291 1310 1324 1337 et
1347 1310 1440 1337 octo:

147 1359 188 1380 ex
206 1359 268 1389 quo
286 1359 418 1380 numero
435 1348 589 1388 apparuit,
607 1352 759 1387 quantum
775 1347 942 1377 hominum
967 1352 1014 1378 tot
1039 1348 1218 1387 proeliorum
1235 1349 1366 1378 adversa
1381 1348 1441 1378 for-

148 1396 225 1422 tuna
249 1392 367 1440 populo
391 1391 540 1422 Romano
570 1390 763 1420 abstulisset.
822 1398 943 1425 xxxrx,
971 1390 1031 1421 &c.
1066 1390 1260 1426 Hasdrubal,
1287 1391 1340 1438 qui
1368 1400 1443 1421 cum

147 1434 293 1464 exercitu
323 1443 408 1464 novo
444 1433 683 1464 transcenderat
717 1432 826 1471 Alpes,
869 1436 905 1462 ut
944 1441 980 1462 se
1011 1431 1185 1462 Hannibali
1222 1432 1442 1473 conjungeret,

149 1485 224 1506 cum
272 1476 409 1506 millibus
460 1475 627 1505 hominum
662 1474 909 1522 quinquaginta
933 1483 992 1504 sex
1035 1484 1136 1503 caesus
1168 1478 1231 1509 est,
1272 1474 1319 1504 M.
1359 1474 1440 1504 Livii

148 1518 292 1548 consulis
327 1519 438 1554 ductu,
472 1518 529 1547 sed
562 1525 627 1546 non
662 1517 783 1546 minore
818 1525 915 1555 opera
950 1515 1073 1545 Claudii
1107 1516 1245 1545 Neronis
1277 1516 1442 1552 consulis;

147 1569 252 1589 xmrr
278 1559 354 1595 Qui,
368 1569 466 1599 quum
485 1558 656 1588 Hannibali
673 1557 837 1596 oppositus
862 1561 959 1593 esset,
984 1557 1099 1587 relictis
1117 1558 1237 1594 castris,
1253 1557 1296 1587 ita
1312 1563 1346 1588 ut
1369 1557 1442 1587 lios-

147 1605 214 1631 tem
246 1601 379 1637 falleret,
411 1611 484 1631 cum
512 1596 618 1630 electa
642 1609 738 1630 manu
766 1598 938 1637 profectus,
966 1598 1200 1629 Hasdrubalem
1224 1600 1442 1630 circumvenit.

150 1642 302 1675 [Criu-1
313 1650 355 1667 m.
386 1650 416 1668 u.
430 1642 558 1667 c.--542
567 1641 626 1666 545.
663 1649 692 1666 Δ.
704 1648 732 1665 c.
744 1640 834 1665 210—
801 1640 914 1674 —207.]

203 1802 399 1840 XXXVI.
447 1801 506 1839 De
545 1801 798 1838 Hasdrubalis
841 1801 1007 1837 adventu
1036 1799 1074 1837 in
1105 1799 1254 1837 Italiam
1285 1813 1378 1838 cura
1407 1801 1490 1862 in?

149 1856 231 1893 dies
251 1855 462 1892 crescebat.
520 1854 822 1891 Massiliensium
843 1852 1004 1903 primum
1024 1853 1138 1901 legati
1163 1853 1443 1901 nuntiaverant,

127 1921 236 1957 ¹eum
277 1907 314 1943 in
352 1907 516 1943 Galliam
555 1914 858 1956 transgressum3
905 1912 1128 1953 erectosque
1157 1905 1321 1942 adventu
1350 1906 1442 1955 ejuS,
1466 1909 1490 1944 ’ω

148 1961 236 2010 quia
265 1972 448 2008 magnum
481 1959 630 2007 pondus
661 1958 740 1995 auri
772 1958 939 1994 attulisse
972 1957 1161 1993 diceretur
1190 1957 1237 1993 ad
1267 1959 1490 1995 mercede*

150 2013 290 2050 auxilia
324 2011 590 2054 conducenda,
620 2011 815 2047 Gallorum
835 2009 993 2046 animos.
1050 2008 1160 2046 Missi
1190 2009 1329 2046 deinde
1357 2023 1444 2047 cum
1467 2022 1483 2048 r

150 2067 196 2104 iis
216 2065 330 2114 legati
352 2065 399 2101 ab
419 2064 546 2101 Roma
567 2064 655 2100 Sex.
681 2063 870 2100 Antistius
889 2069 926 2098 et
947 2061 1001 2098 M.
1022 2061 1182 2098 Raecius
1203 2062 1249 2098 ad
1280 2075 1359 2099 rem
1389 2063 1445 2100 in-
1468 2063 1492 2119 ἓ

151 2118 404 2176 spiciendarn,
425 2116 644 2162 retulerant,
679 2115 827 2152 misisse
861 2127 900 2152 se
925 2126 1013 2151 cum
1044 2113 1351 2152 Massiliensibus
1379 2116 1446 2152 du·
1468 2121 1492 2152 Ξ

151 2172 272 2213 cibus,
303 2170 367 2219 qui
397 2182 463 2218 per
493 2169 659 2218 hospites
678 2181 822 2212 eorum,
852 2167 1044 2216 principes
1073 2167 1281 2214 Gallorum,
1315 2165 1492 2205 omnia

151 2223 346 2283 explorata
378 2222 573 2259 referrent
630 2221 704 2259 Pro
736 2229 928 2269 comperto
961 2220 1114 2264 habere,
1149 2220 1445 2265 Hasdrubalem,

153 2276 298 2326 ingenti
324 2275 402 2324 jam
433 2282 565 2312 coacto
594 2274 777 2317 exercitu,
810 2273 977 2322 proximo
1006 2285 1092 2309 vere
1122 2273 1241 2332 Alpes
1271 2274 1492 2323 trajectu-10

152 2341 258 2372 rum;
288 2340 361 2364 nec
381 2334 460 2364 tum
481 2340 566 2364 eum
589 2327 793 2376 quidquam
812 2326 914 2362 aliud
941 2325 1090 2372 morari,
1120 2326 1194 2362 nisi
1223 2325 1325 2375 quod
1345 2326 1447 2363 clau-

154 2394 205 2419 sae
226 2381 350 2418 hieme
375 2379 491 2429 Alpes
523 2386 661 2416 essent.
736 2379 781 2415 In
816 2378 942 2415 locum
963 2377 1018 2415 Μ.
1040 2379 1216 2415 Marcelli
1247 2379 1288 2416 P.
1320 2379 1446 2416 AElius

156 2435 281 2471 Paetus
301 2445 420 2482 augur
440 2439 591 2469 creatus
611 2432 931 2481 inauguratusque
949 2444 959 2476 3
999 2438 1037 2468 et
1056 2431 1128 2468 Cn.
1150 2431 1351 2469 Cornelius
1371 2430 1432 2468 Do

155 2486 291 2524 labella
310 2498 375 2523 rex
394 2497 588 2523 sacrorum
621 2484 868 2535 inauguratus
901 2491 958 2521 est
987 2484 1026 2521 in
1059 2483 1186 2522 locum
1217 2484 1271 2521 M.
1294 2483 1430 2521 Marcii
