1617 2765
151 192 226 230 104
356 181 364 185 ⁴
448 192 538 223 T1T1
563 193 672 223 leu
697 193 834 223 LIBER
856 192 916 222 111.
941 200 1023 223 cn.
1046 200 1119 222 mx.

148 284 263 321 latum
284 284 396 322 abiit:
434 298 637 334 manesque
661 286 853 334 Virginiae,
883 292 1038 322 mortuae
1064 284 1175 334 quam
1195 284 1286 320 vivae
1307 284 1423 321 felici-

146 336 233 382 oris,
252 349 317 385 per
333 344 386 373 tot
404 337 533 373 domos
553 338 598 373 ad
619 338 800 385 petendas
829 349 960 385 poenas
990 337 1125 386 vagati,
1160 337 1262 373 nullo
1292 336 1423 372 relicto

147 395 266 431 sonte,
287 389 438 424 tandem
458 389 690 436 quieverunt.

199 489 304 528 LIX.
359 491 501 539 Ingens
535 498 657 528 metus
693 491 898 528 incesserat
941 492 1080 535 Patres,
1116 492 1312 540 vultusque
1346 492 1423 541 jam

147 542 261 579 iidem
282 543 517 579 tribunorum
546 551 664 585 erant,
692 543 1085 590 qui'decemvirorum
1118 544 1277 586 fuerant,
1308 556 1422 591 quum
1452 552 1468 577 5

148 594 202 630 M.
224 594 386 640 Duilius,
408 594 580 630 tribunus
599 595 730 643 plebis,
765 595 923 632 inhibito
952 596 1147 632 salubriter
1168 596 1278 631 modo
1298 595 1423 631 nimiae

146 646 330 694 potestati,
352 648 376 668 ‘⁶
390 645 440 682 Et
458 646 675 690 libertatis,”
711 647 840 694 inquit,
880 652 902 668 ·‘
920 654 1065 690 nostrae,
1098 654 1135 683 et
1161 659 1356 695 poenarum
1377 659 1424 683 ex

147 697 363 740 “inimicis,
394 698 483 734 satis
515 704 592 734 est:
648 698 770 745 itaque
802 698 873 734 hoc
902 711 1002 734 anno
1032 711 1103 734 nec
1130 699 1229 734 diem
1250 698 1324 734 dici
1345 699 1424 734 cui-

146 751 306 796 “quam,
328 761 400 784 nec
419 749 457 785 in
478 749 627 785 vincula
647 749 735 784 duci
755 761 979 796 quemquam
1000 762 1080 785 sum
1097 762 1283 797 passurus.
1322 750 1421 786 Nam

146 804 170 822 ‘'-
183 813 304 847 neque
325 808 450 836 vetera
468 807 624 848 peccata
640 800 754 848 repeti
772 800 849 848 jam
865 800 1061 836 obliterata
1076 801 1210 849 placet,
1227 813 1338 848 quum
1360 813 1424 838 no·
1438 807 1467 832 10

146 855 169 874 ‘⁶
185 863 230 886 va
241 851 389 899 expiata
402 852 476 887 sint
491 852 789 887 decemvirorum
804 852 996 899 suppliciis
1013 864 1021 896 ;
1056 860 1093 888 et
1111 852 1201 888 nihil
1219 852 1423 889 admissum

146 905 170 925 ‘⁴
188 902 246 947 iri,
266 903 363 950 quod
385 903 457 939 vim
474 903 714 939 tribuniciam
746 903 944 947 desideret,
961 904 1118 951 spondet
1138 912 1317 952 perpetua
1336 917 1424 940 con—

145 953 307 990 “sulum
344 955 537 991 amborum
574 955 611 990 in
642 954 813 990 libertate
852 956 972 991 vestra
1009 956 1151 991 tuenda
1183 957 1309 991 cura.''
1367 955 1424 992 Ea

145 1004 305 1054 primum
342 1007 546 1043 moderatio
591 1006 730 1042 tribuni
769 1013 910 1042 metum
947 1006 1120 1042 Patribus
1153 1007 1325 1055 dempsit,
1363 1020 1424 1043 ea-

145 1057 306 1104 demque
327 1058 433 1093 auxit
458 1058 655 1094 consulum
689 1057 867 1094 invidiam
885 1071 893 1102 ;
943 1057 1043 1106 quod
1077 1057 1171 1094 adeo
1204 1059 1269 1095 toti
1303 1058 1422 1107 plebis
1439 1065 1467 1090 15

146 1108 314 1151 fuissent,
337 1116 376 1145 ut
397 1109 548 1145 Patrum
568 1109 697 1145 salutis
716 1109 970 1157 libertatisque
996 1110 1094 1158 prior
1113 1110 1258 1159 plebejo
1288 1111 1421 1159 magis-

145 1160 269 1202 tratui,
290 1160 400 1207 quarn
422 1161 591 1208 patricio,
612 1173 702 1196 cura
722 1161 877 1204 fuisset3
915 1168 951 1197 et
971 1160 1058 1197 ante
1080 1161 1252 1198 inimicos
1271 1162 1422 1198 satietas

144 1224 340 1259 poenarum
360 1224 511 1248 suarum
531 1212 705 1260 cepisset,
736 1211 847 1260 quarn
881 1212 1029 1249 obviam
1051 1212 1165 1249 ituros
1181 1213 1344 1249 licentiae
1363 1225 1423 1250 eo-

145 1275 227 1299 rum
247 1263 420 1299 consules
440 1270 643 1311 appareret.
702 1263 885 1311 Multique
915 1272 1032 1309 erant,
1059 1264 1122 1313 qui
1156 1265 1303 1301 mollius
1333 1277 1422 1301 con-

145 1314 282 1350 sultum
303 1315 485 1361 dicerent,
505 1314 602 1363 quod
623 1315 747 1364 legum
770 1315 816 1351 ab
836 1316 881 1351 iis
910 1315 1067 1352 latarum
1101 1315 1229 1352 Patres
1250 1322 1465 1353 auctores20

146 1366 325 1402 fuissent:
363 1378 484 1414 neque
504 1373 583 1403 erat
601 1367 770 1410 dubium,
791 1367 893 1415 quin,
914 1367 1061 1405 turbato
1076 1367 1292 1416 reipublicae
1309 1375 1419 1412 statu,

145 1418 302 1466 tempori
322 1418 622 1455 succubuissent.
