1638 2765
586 176 724 207 LIBER
747 176 773 206 Ι.
812 184 893 207 CAP.
910 185 986 206 xxv.
1379 176 1431 212 25

145 286 275 312 corum
303 273 435 310 virtute
470 280 586 331 atque
613 272 760 308 fortuna
794 271 982 321 positum.
1030 270 1154 318 itaque
1189 282 1278 319 ergo
1311 270 1426 307 erecti

145 325 390 375 suspensique
424 325 463 362 in
496 325 651 361 minime
685 332 832 373 gratum
860 323 1118 372 spectaculum
1150 322 1275 358 animo
1309 323 1429 359 inten-

145 379 298 414 duntur.
355 377 475 414 Datur
491 378 670 427 signum.
692 377 912 435 infestisque
930 376 1056 418 armis,
1078 374 1179 411 velut
1195 375 1309 420 acies,
1330 376 1427 411 terni

137 431 311 480 juvenes,
346 443 567 479 magnorum
602 429 838 466 exercituum
872 428 1017 464 animos
1047 434 1236 476 gerentes,
1271 439 1429 463 concur-

114 506 129 532 5
144 489 254 519 runt.
285 495 358 519 nec
377 482 435 519 his
454 495 526 519 nec
547 482 619 519 illis
638 481 847 530 periculum
865 493 996 525 suum3
1018 478 1236 528 publicum
1229 480 1427 527 imperium

142 534 409 583 servitiumque
429 535 647 571 obversatur
668 534 804 579 animo,
841 533 1038 591 futuraque
1072 545 1118 568 ea
1141 531 1279 568 deinde
1299 531 1428 579 patriae

142 586 300 633 fortuna,
338 600 449 635 quam
482 587 552 636 ipsi
586 587 777 623 fecissent
844 585 895 622 Ut
927 585 1047 634 primo
1080 584 1204 621 statim
1238 596 1427 620 concursu

141 638 365 688 increpuere
386 652 502 686 arma,
538 639 798 688 micantesque
820 638 956 674 fulsere
991 637 1120 686 gladii,
1143 635 1299 673 horror
1292 649 1428 684 ingens

140 699 355 741 spectantes
387 671 629 741 perstiingitg
677 700 727 734 et,
762 693 895 728 neutro
930 690 1113 726 inclinata
1146 701 1225 738 spe,
1258 689 1428 736 torpebat

98 768 127 793 10
141 757 210 781 vox
230 744 467 794 spiritusque.
525 744 720 781 Consertis
740 744 879 780 deinde
900 743 1086 787 manibus,
1121 754 1236 790 quum
1253 741 1330 790 jam
1352 753 1427 777 non

141 804 263 833 motus
282 797 428 833 tantum
450 810 661 846 corporum,
692 796 919 845 agitatioque
953 808 1094 843 anceps
1127 794 1287 830 telorum
1308 806 1429 830 armo-

140 861 311 898 rumque,
333 850 399 886 sed
419 850 574 886 vulnera
599 861 744 898 quoque
778 856 816 885 et
849 849 1003 896 sanguis
1038 846 1255 895 spectaculo
1275 853 1426 890 essent;

140 901 216 938 duo
237 899 417 944 Romani,
438 915 550 950 super
570 902 684 937 alium
718 901 825 943 alius,
860 900 1066 936 vulneratis
1099 899 1217 935 tribus
1251 898 1426 941 Albanis,

140 953 372 1002 exspirantes
405 960 652 990 corruerunt:
700 953 747 988 ad
780 965 940 1000 quorum
970 964 1100 987 casum
1134 963 1248 998 quum
1279 950 1428 986 concla-

96 1007 277 1054 151nasset
308 1006 447 1054 gaudio
483 1005 655 1041 Albanus
688 1005 890 1047 exercitus,
921 1004 1118 1040 Romanas
1155 1002 1324 1051 legiones
1348 1002 1426 1060 jam

139 1070 223 1106 spes
255 1065 345 1105 tota,
379 1058 548 1095 nonduin
582 1065 709 1094 tamen
739 1070 843 1100 cura,
878 1056 1108 1099 deseruerat,
1129 1055 1324 1091 exanimes
1346 1055 1426 1090 vice

138 1110 264 1154 unius,
285 1123 396 1158 quem
418 1118 492 1147 tres
513 1110 672 1147 Curiatii
695 1109 1035 1146 circumsteterant.
1094 1107 1236 1144 Forte
1229 1120 1259 1143 is
1279 1107 1427 1156 integer

139 1162 219 1208 fuit,
241 1170 282 1199 ut
302 1163 485 1199 universis
505 1163 605 1199 solus
625 1164 861 1210 nequaquam
883 1174 961 1210 par,
983 1161 1038 1197 sic
1059 1161 1237 1196 adversus
1257 1160 1427 1208 singulos

139 1215 263 1252 ferox:
306 1228 409 1265 ergo,
444 1223 484 1252 ut
514 1222 731 1264 segregaret
750 1227 916 1263 pugnam
936 1226 1080 1256 eorum,
1101 1212 1264 1261 capessit
1285 1212 1426 1261 fugam,

93 1268 190 1314 mita
225 1275 327 1305 ratus
359 1275 568 1311 secuturos,
607 1275 648 1304 ut
684 1279 869 1325 quemque
902 1266 1054 1302 vulnere
1076 1265 1254 1301 affectum
1289 1277 1427 1313 corpus

138 1321 289 1357 sineret.
346 1320 432 1357 Jam
453 1320 698 1377 aliquantum·
720 1320 828 1368 spatii
849 1332 898 1355 ex
932 1332 977 1355 eo
997 1318 1093 1360 loco,
1129 1318 1193 1354 ubi
1213 1325 1424 1366 pugnatum

137 1380 206 1418 ost,
227 1372 437 1422 aufugerat,
458 1385 573 1421 quum
603 1372 811 1420 respiciens
844 1372 945 1407 videt
979 1370 1126 1419 magnis
1147 1369 1351 1406 intervallis
1372 1382 1428 1405 se-

137 1432 321 1472 quentes·
312 1453 331 1472 ,
352 1438 470 1461 unum
492 1425 591 1461 haud
612 1424 741 1474 procul
763 1425 809 1460 ab
829 1436 911 1460 sese
933 1423 1090 1459 abesse:
1122 1422 1160 1458 in
1180 1435 1267 1458 eum
1288 1435 1428 1470 magno

136 1476 279 1526 impetu
299 1470 410 1514 rediit
427 1490 434 1514 :
463 1484 513 1520 et,
530 1477 620 1513 dum
636 1477 809 1513 Albanus
828 1476 1016 1512 exercitus
1032 1475 1213 1511 inclamat
1232 1474 1426 1520 Curiatiis,

91 1528 190 1576 25uti
209 1542 319 1578 opem
340 1529 462 1566 ferant
481 1529 593 1573 fratri,
626 1529 704 1578 jam
741 1529 934 1574 Horatius,
969 1540 1068 1564 caeso
1089 1528 1194 1563 hoste
1216 1527 1347 1570 victor,
1369 1539 1428 1562 se-

136 1582 302 1618 cundam
322 1594 487 1631 pugnam
509 1581 672 1631 petebat.
730 1581 833 1618 Tun]
868 1580 1046 1626 clamore,
1081 1579 1202 1628 qualis
1236 1592 1284 1616 ex
1306 1579 1428 1628 inspe-

136 1641 217 1671 rato
250 1635 456 1671 faventium
482 1635 588 1680 solet,
623 1634 790 1671 Romani
825 1633 1005 1682 adjuvant
1025 1632 1182 1668 militem
1204 1644 1341 1675 suum3
1389 1639 1428 1668 et

136 1686 199 1723 ille
218 1687 374 1736 defungi
394 1686 524 1735 proelio
545 1686 708 1723 festinat.
766 1685 873 1722 Prius
907 1685 1045 1733 itaque,
1079 1684 1192 1732 quam
1226 1685 1332 1727 alter,
1363 1684 1426 1732 qui

136 1751 209 1775 neo
229 1739 357 1788 procul
392 1739 534 1786 aberat,
568 1739 749 1787 consequi
784 1745 922 1786 posset,
956 1745 993 1774 et
1026 1737 1185 1773 alterum
1212 1736 1426 1773 Curiatium

92 1812 124 1837 30
137 1791 301 1828 conficit.
358 1792 532 1839 Jamque,
555 1798 699 1839 aequato
735 1791 870 1836 Marte,
901 1790 1039 1838 singuli
1061 1796 1307 1837 supererant3
1356 1789 1426 1825 sed

137 1856 208 1881 nec
228 1857 293 1893 spe
313 1857 385 1881 nec
408 1844 546 1880 viribus
571 1856 705 1892 pares:
750 1843 908 1879 alterum
942 1842 1126 1878 intactum
1160 1841 1256 1877 ferro
1277 1854 1426 1889 corpus,

136 1903 174 1933 et
192 1897 386 1946 geminata
404 1896 570 1941 victoria,
594 1896 758 1932 ferocem
792 1895 830 1931 in
864 1901 1058 1931 certamen
1086 1894 1236 1930 tertium
1259 1894 1424 1938 dabant;

136 1948 242 1995 alter,
262 1949 402 1986 fessum
422 1948 590 1995 vulnere,
625 1948 766 1984 sessum
799 1960 913 1984 cursu
948 1947 1100 1983 trahens
1120 1959 1268 1995 corpus,
1290 1946 1427 1982 victus-

136 2014 208 2050 que
229 2001 384 2038 fratrum
404 2008 490 2038 ante
511 2014 550 2037 se
571 2008 708 2050 strage,
730 2000 861 2036 victori
880 1999 1057 2048 objicitur
1079 1999 1175 2036 hosti
1193 2011 1201 2035 ε
1241 2011 1313 2035 nec
1334 1998 1426 2034 illud

93 2054 309 2102 „proelium
330 2054 410 2091 fuit.
467 2053 669 2090 Romanus
689 2052 895 2095 exsultans,
926 2056 950 2073 ‘⁶
970 2052 1113 2097 Duos,’'
1149 2051 1282 2099 inquit,
1317 2051 1427 2087 “fra-

137 2108 161 2128 “
178 2105 276 2144 trum
296 2106 478 2143 Manibus
498 2106 586 2142 dedi
604 2119 611 2143 z
641 2105 794 2142 tertium
814 2117 938 2141 causae
959 2104 1047 2141 belli
1082 2104 1255 2153 hujusce,
1286 2111 1328 2140 ut
1347 2103 1427 2140 Ro-

138 2160 313 2196 “manus
350 2159 502 2196 Albano
539 2159 710 2207 imperet,
748 2157 886 2194 dabo.''
945 2156 1046 2194 Male
1084 2156 1286 2193 sustinenti
1320 2168 1426 2192 arma

139 2211 306 2260 gladium
325 2212 485 2260 superne
502 2211 634 2260 jugulo
653 2210 785 2259 defigit
803 2223 810 2246 :
841 2210 1034 2259 jacentem
1055 2209 1199 2258 spoliat.
1256 2208 1424 2245 Romani

140 2269 292 2300 ovantes
311 2276 356 2301 ac
375 2264 608 2313 gratulantes
629 2263 828 2300 Horatium
849 2263 1069 2311 accipiunt;
1112 2260 1156 2298 eo
1177 2274 1316 2310 maJore
1337 2273 1425 2297 cum

95 2315 290 2365 40gaudio,
309 2315 382 2364 quo
416 2329 529 2365 prope
558 2323 701 2352 metum
720 2328 781 2352 res
800 2315 932 2352 fuerat.
991 2315 1053 2351 Ad
1086 2314 1316 2363 sepulturam
1336 2313 1425 2349 inde

141 2380 294 2404 suorum
314 2369 549 2416 nequaquam
583 2368 736 2417 paribus
768 2368 905 2404 animis
937 2374 1158 2411 vertuntur3
1201 2366 1337 2415 quippe
1359 2365 1426 2401 im-

141 2420 245 2469 perio
265 2420 370 2456 alteri
391 2420 504 2466 aucti,
526 2421 631 2457 alteri
657 2421 811 2457 ditionis
845 2421 978 2457 alienae
999 2420 1099 2456 facti.
1158 2419 1341 2467 Sepulcra
1360 2429 1426 2452 ex-

142 2479 254 2517 stant,
275 2485 348 2522 quo
366 2472 536 2561 quisquq3
551 2472 635 2510 loco
655 2473 819 2510 cecidit:
860 2473 935 2510 duo
956 2473 1128 2510 Romana
1148 2484 1224 2508 uno
1243 2471 1326 2507 loco
1346 2480 1411 2518 pro
