1617 2765
159 205 210 244 84
716 206 807 238 ΤΙΤΙ
831 206 943 238 LlVII

161 299 229 337 viri
250 300 499 350 appellatione
519 301 674 350 collegae
695 302 831 350 corrigi
852 301 999 338 reddita
1019 301 1065 337 ab
1091 313 1130 338 se
1147 301 1231 350 J'ura
1250 301 1445 340 tulissent:

160 359 198 389 et
217 354 402 411 quaedam,
432 366 515 402 quae
545 354 603 390 sui
631 354 765 402 judicii
786 354 902 390 videri
923 362 1087 402 possent,
1118 354 1164 390 ad
1185 354 1361 402 populum
1392 367 1448 392 re-

159 405 354 454 Jecissent.
429 406 674 454 Aliquamdiu
706 414 874 454 aequatus
913 407 1010 442 inter
1039 419 1172 443 omnes
1201 414 1318 443 terror
1349 407 1448 444 suit.

159 458 339 506 paulatim
369 467 469 495 totus
497 466 641 495 vertere
683 458 722 494 in
762 458 910 507 plebem
940 458 1066 506 coepit.
1123 459 1398 496 Abstinebatur
1427 472 1449 496 a

161 509 358 547 Patribus:
401 511 439 547 in
460 511 678 548 humiliores
697 511 896 548 libidinose
918 511 1196 558 crudeliterque
1226 512 1449 548 consuleba-
1476 520 1493 544 5

159 569 241 599 tur:
273 563 482 608 hominum,
504 576 579 600 non
609 576 824 607 causarum,
867 563 934 600 toti
963 570 1099 608 erant3
1147 570 1188 599 ut
1226 564 1326 611 apud
1354 576 1448 611 quos

158 615 280 664 gratia
300 616 373 652 vim
394 616 489 664 aequi
511 616 678 653 haberet.
734 615 888 652 Judicia
908 616 1009 653 domi
1035 615 1263 662 conflabant,
1284 628 1449 664 pronun-

158 667 305 705 tiabant
343 668 381 704 in
412 668 502 705 foro.
574 669 614 705 Si
643 668 727 716 quis
755 668 939 717 collegam
969 668 1205 717 appellasset,
1235 668 1283 704 ab
1311 681 1370 714 eo,
1400 669 1448 705 ad

158 731 272 767 quern
292 729 459 767 venerat,
480 721 531 757 ita
550 720 785 763 discedebat,
819 729 860 757 ut
892 722 1103 769 poeniteret‚
1135 733 1211 757 non
1231 721 1366 769 prioris
1386 721 1449 757 de-

158 779 263 808 creto
283 773 442 809 stetisse.
512 773 655 821 Opinio
690 773 805 809 etiam
842 773 923 809 sine
953 780 1105 809 auctore
1125 773 1279 818 exierat,
1301 786 1377 809 non
1408 774 1493 810 inm

157 825 354 872 praesentis
374 824 484 861 modo
513 824 692 873 temporis
720 837 785 861 eos
806 824 981 874 injuriam
1011 825 1260 883 conspirasse,
1295 825 1360 861 sed
1383 825 1448 861 foe-

158 875 230 912 dus
249 876 527 914 clandestinum
549 877 646 914 inter
675 877 774 926 ipsos
799 877 1044 926 jureJurando
1063 877 1193 922 ictum,
1214 889 1262 913 ne
1292 877 1448 914 comitia

160 928 356 973 habereut,
376 937 632 988 perpetuoque
652 930 908 967 decemviratu
928 942 1143 978 possessum
1164 929 1280 966 semel
1299 929 1448 966 obtine·

158 988 243 1018 rent
262 981 474 1031 imperium.

211 1085 426 1125 XXXVII.
457 1087 789 1137 Circumspectare
805 1095 884 1125 tum
897 1088 1139 1137 patriciorum
1153 1087 1276 1124 vultus
1296 1087 1447 1136 plebeji,
1464 1095 1494 1121 15

157 1145 196 1175 et
229 1139 317 1175 inde
348 1139 531 1178 libertatis
550 1148 701 1189 captare
728 1153 871 1184 auram,
902 1141 1003 1177 unde
1033 1141 1248 1177 servitutem
1280 1140 1449 1177 timendo

158 1191 197 1228 in
218 1204 304 1227 eum
326 1199 463 1229 statum
481 1193 755 1241 rempublicam
775 1193 1022 1230 adduxerant.
1080 1193 1268 1229 Primores
1294 1192 1448 1229 Patrum

157 1243 282 1280 odisse
312 1244 559 1290 decemviros,
589 1245 714 1281 odisse
746 1245 923 1293 plebem:
971 1258 1044 1281 nec
1073 1245 1244 1293 probare,
1272 1257 1355 1292 quae
1385 1245 1450 1282 fie-

158 1303 264 1340 rent3
294 1304 332 1333 et
369 1297 539 1343 credere,
570 1298 669 1333 haud
699 1297 867 1346 indignis
896 1298 1083 1334 accidere.
1151 1296 1274 1333 Avide
1304 1298 1449 1334 ruendo

158 1348 206 1384 ad
226 1348 439 1386 libertatem
461 1349 499 1385 in
520 1350 738 1386 servitutem
767 1350 914 1398 elapsos
929 1350 1061 1398 juvare
1080 1349 1180 1386 nolle
1199 1362 1206 1386 ε
1254 1349 1448 1386 cumulare
1461 1356 1494 1381 2⁰

157 1413 305 1449 quoque
326 1401 496 1450 injurias,
517 1409 570 1445 ut,
592 1402 703 1438 taedio
723 1402 978 1451 praesentium‚
996 1401 1172 1439 consules
1187 1402 1263 1438 duo
1283 1402 1450 1447 tandem,

157 1460 196 1490 et
224 1461 342 1490 status
371 1454 550 1502 pristinus
583 1467 723 1498 rerum,
758 1455 796 1491 in
826 1455 1055 1491 desiderium
1083 1455 1248 1491 veniant.
1305 1454 1392 1491 Jam
1411 1462 1450 1492 et

156 1514 391 1554 processerat
421 1519 505 1555 pars
534 1507 652 1556 major
684 1507 787 1553 anni,
807 1515 845 1543 et
865 1508 948 1543 duae
978 1507 1115 1543 tabulae
1143 1506 1270 1555 legum
1301 1507 1346 1542 ad
1377 1507 1450 1555 pri-

155 1558 231 1594 oris
252 1559 341 1595 anni
362 1559 494 1595 decem
517 1559 664 1595 tabulas
683 1568 791 1595 erant
823 1559 1007 1608 adjectae:
1051 1571 1122 1595 nec
1149 1559 1352 1607 quidquam
1369 1559 1448 1607 jam

156 1618 362 1659 supererat,
384 1611 414 1647 si
446 1611 503 1647 hae
531 1624 679 1660 quoque
708 1612 812 1660 leges
841 1611 1063 1648 centuriatis
1092 1611 1256 1647 comitiis
1292 1611 1495 1659 perlatae2⁵

157 1671 299 1710 essent,
320 1676 388 1699 cur
408 1676 453 1700 eo
474 1664 694 1712 magistratu
715 1664 932 1712 reipublicae
952 1676 1046 1712 opus
1065 1670 1176 1699 esset.
1237 1662 1448 1711 Exspecta-

155 1714 258 1761 bant,
279 1714 393 1763 quam
413 1729 500 1753 mox
519 1716 739 1753 consulibus
759 1716 934 1752 creandis
951 1716 1104 1753 comitia
1115 1715 1368 1752 edicerentur.
1383 1763 1386 1766 ἱ
1401 1715 1447 1753 Id

155 1766 267 1804 mod&
287 1768 417 1816 plebes
437 1768 615 1817 agitabat,
633 1781 795 1817 quonam
817 1769 928 1805 modo
944 1768 1186 1805 tribuniciam
1206 1775 1446 1817 potestatem,

155 1820 435 1857 munimentum
456 1821 632 1867 libertati,
648 1834 728 1858 rem
745 1821 1010 1867 intermissam,
1027 1828 1255 1869 repararent.
1310 1820 1445 1860 Quum

155 1871 307 1908 interim
339 1873 482 1910 mentio
511 1874 749 1910 comitiorum
788 1873 891 1909 nulla
927 1852 1018 1917 fieri,
1057 1880 1096 1910 et
1137 1873 1355 1919 decemviri,
1384 1873 1494 1921 quino

155 1923 277 1973 primo
297 1925 520 1962 tribunicios
545 1925 730 1968 homines,
751 1925 838 1973 quia
858 1925 895 1962 id
929 1925 1107 1982 populare
1136 1925 1357 1971 habebatur,
1377 1926 1449 1962 cir-

155 1988 243 2013 cum
273 1989 313 2013 se
341 1984 622 2014 ostentaverant
650 1977 764 2026 plebi,
804 1977 972 2025 patriciis
1007 1976 1210 2026 juvenibus
1248 1986 1446 2025 sepserant

155 2029 293 2066 latera:
340 2042 469 2066 eorum
501 2037 660 2067 catervae
701 2030 904 2066 tribunalia
934 2029 1172 2066 obsederant.
1248 2029 1300 2066 Hi
1331 2030 1441 2076 ferre,

155 2094 268 2131 agere
288 2082 436 2131 plebem
457 2082 650 2130 plebisque
671 2095 753 2126 res3
803 2081 935 2132 [quum
967 2081 1127 2125 fortuna,
1158 2094 1232 2130 qua
1260 2082 1443 2131 quidquid

155 2134 327 2182 cupitum
345 2134 451 2178 foret,
473 2135 694 2183 potentioris
721 2135 850 2186 esset.]
909 2134 958 2171 Et
974 2134 1051 2183 jam
1082 2146 1130 2171 ne
1159 2141 1264 2183 tergo
1292 2135 1491 2183 quidem3⁵

156 2186 438 2224 abstinebatur:
469 2187 583 2237 virgis
602 2187 712 2234 caedi,
729 2187 790 2224 alii
811 2187 934 2224 securi
955 2187 1112 2236 subjici3
1156 2194 1207 2230 et,
1238 2199 1286 2223 ne
1305 2187 1445 2236 gratui-

156 2245 194 2276 ta
213 2239 418 2276 crudelitas
447 2248 559 2283 esset,
581 2240 762 2278 bonorum
792 2240 945 2276 donatio
964 2240 1069 2287 sequi
1103 2239 1246 2276 domini
1267 2239 1444 2288 supplici-

157 2303 233 2328 um.
292 2292 378 2328 Ilac
412 2293 588 2329 mercede
615 2293 792 2341 juventus
822 2292 958 2329 nobilis
996 2299 1184 2340 corrupta,
1222 2304 1298 2329 non
1333 2291 1443 2329 modo

157 2355 232 2380 non
250 2343 303 2380 ire
323 2344 470 2381 obviam
493 2344 650 2393 injuriae,
680 2345 746 2381 sed
767 2345 957 2394 propalam
978 2345 1170 2382 licentiam
1192 2357 1297 2382 suam
1319 2344 1442 2388 malle,

157 2396 269 2444 quam
288 2396 458 2433 omnium
478 2397 701 2435 libertatem.
1453 2400 1487 2426 ‘¹⁰
