1617 2765
567 209 706 241 LIBER
729 208 770 239 V.
815 217 896 239 CAP.
921 218 1000 239 mn.
1353 207 1426 246 133

194 305 306 344 LIII.
335 307 359 328 “
376 306 387 328 ⁶
401 304 476 342 Sed
497 317 556 341 res
575 303 655 353 ipsa
674 303 775 352 cogit
791 310 931 339 vastam
950 301 1138 339 incendiis
1158 302 1351 352 ruinisque
1371 317 1425 341 16-

142 359 166 381 “
180 359 373 407 ‘linquere
393 357 538 400 urbem,
559 363 597 392 et
617 357 663 392 ad
690 357 837 404 integra
864 355 992 391 omnia
1022 355 1138 403 Vejos
1157 355 1333 403 migrare,
1354 370 1423 393 1166

141 412 166 433 “
179 413 188 433 ‘
202 411 262 447 1116
279 409 502 446 aedificando
523 409 673 457 inopem
693 408 844 457 plebem
864 406 1026 444 vexare.’
1074 407 1187 443 Hanc
1208 416 1334 444 autem
1350 409 1428 457 jac-

140 462 246 499 “tari
265 462 386 511 magis
414 474 582 507 causam,
603 460 715 509 quam
736 473 862 496 veram
891 472 987 507 esse,
1008 459 1068 510 (ut
1095 472 1167 508 ego
1186 473 1261 496 non
1282 460 1427 512 dicam)

111 516 165 544 5“
178 526 358 563 apparere
378 514 494 557 vobis,
514 513 700 560 Quirites,
721 520 809 561 puto
826 525 835 557 3
882 513 945 560 qui
966 512 1204 555 meministis,
1235 519 1322 549 ante
1341 513 1429 549 Gal-

140 566 297 603 “lorum
318 567 536 610 adventum,
570 565 681 602 salvis
706 565 816 602 tectis
844 565 1006 614 publicis
1035 564 1275 613 privatisque,
1306 572 1427 602 stante

140 618 360 656 “incolumi
381 619 486 663 urbe,
507 619 608 655 hanc
641 618 814 654 eamdem
851 630 930 653 rem
960 625 1082 654 actam
1112 630 1210 664 esse,
1243 625 1284 653 ut
1314 617 1429 666 Vejos

140 674 164 696 ‘⁶
178 666 545 720 transmigraremus.
602 671 653 707 Et
681 671 817 716 videte,
852 677 1033 718 quantum
1070 670 1165 706 inter
1193 682 1316 706 meam
1347 682 1430 706 sen-

138 723 331 760 κ1611113111
366 731 603 772 vestramque
633 722 792 766 intersit,
823 722 975 759 tribuni.
1032 722 1125 765 Vos,
1156 722 1303 758 etiamsi
1337 729 1429 759 tunc

96 779 127 804 10
140 779 165 801 ‘⁴
179 775 397 812 faciendum
433 789 509 813 non
549 775 672 818 fuerit,
712 788 816 811 nunc
853 775 980 822 utique
1021 774 1237 811 faciendum
1266 774 1428 823 putatis:

140 832 249 876 “ego
268 827 414 872 contra,
452 828 543 877 (nec
564 828 600 864 id
622 827 744 864 mirati
765 827 845 863 sitis
864 826 977 875 prids,
1003 827 1128 875 quam,
1148 827 1257 875 quale
1278 827 1336 872 sit,
1366 840 1430 863 311-

140 879 341 930 “dieritis)
378 880 526 917 etiamsi
555 887 647 917 tunc
675 879 915 928 migrandum
959 879 1103 926 fuisset,
1143 879 1323 916 incolumi
1352 879 1428 916 tota

140 937 166 959 “
178 932 294 978 Urbe,
315 945 418 968 nunc
439 933 505 968 1135
525 933 653 969 11111135
673 932 939 979 relinquendas
958 944 1034 968 non
1056 944 1263 968 censerem.
1306 931 1431 980 Quip-

140 983 225 1032 “pe
245 991 324 1020 tum
358 996 473 1020 causa
504 984 613 1020 nobis
646 984 683 1020 in
717 984 849 1019 urbem
879 990 1026 1031 captam
1056 984 1244 1032 migrandi
1276 984 1431 1020 victoria

97 1039 128 1065 15
141 1035 165 1057 “
178 1042 291 1082 esset,
312 1035 474 1084 gloriosa
493 1036 602 1073 nobis
622 1048 666 1072 ac
684 1035 843 1084 posteris
863 1035 999 1071 nostris
1016 1048 1026 1079 ς
1066 1048 1170 1071 1111116
1192 1036 1274 1071 haec
1294 1036 1430 1085 migra-

140 1088 230 1125 “tio
253 1088 363 1124 nobis
383 1088 520 1125 misera
540 1101 585 1124 ac
611 1088 744 1136 turpis,
763 1087 883 1124 Gallis
912 1087 1074 1136 gloriosa
1103 1094 1184 1124 est:
1230 1100 1306 1125 non
1327 1088 1429 1125 enim

141 1140 373 1188 “reliquisse
393 1140 567 1187 victores,
588 1140 653 1177 sed
681 1140 850 1176 amisisse
884 1140 987 1186 victi,
1017 1140 1176 1189 patriam
1205 1140 1429 1177 videbimur.

141 1192 266 1229 “Hoc
286 1193 331 1229 ad
353 1192 494 1229 Alliam
528 1192 630 1242 fuga,
661 1193 734 1229 1106
767 1200 877 1240 capta
894 1192 1008 1238 Urbs,
1043 1193 1115 1229 hoc
1136 1192 1429 1230 circumsessum

142 1245 411 1294 “Capitolium
433 1245 670 1282 necessitatis
684 1244 920 1293 imposuisse,
941 1245 1256 1281 utdesereremus
1274 1252 1431 1293 penates

96 1299 167 1325 206(
180 1304 339 1343 nostros,
360 1297 610 1345 exsiliumque
644 1310 688 1333 36
710 1297 837 1346 sugam
858 1297 966 1334 nobis
985 1310 1031 1333 ex
1050 1310 1096 1334 eo
1116 1297 1199 1334 loco
1218 1298 1432 1335 conscisce-

142 1352 167 1374 “
180 1361 320 1396 remus,
339 1362 451 1398 quem
467 1350 564 1386 tueri
584 1362 660 1386 non
685 1362 878 1397 possemus
896 1362 904 1386 ε
940 1356 978 1386 et
996 1350 1095 1387 Galli
1115 1357 1282 1387 evertere
1301 1357 1431 1398 potue-

142 1405 269 1439 “runt
306 1402 486 1448 Romam,
518 1414 631 1450 quam
668 1402 836 1439 Romani
873 1401 1069 1438 restituere
1099 1415 1174 1439 non
1204 1402 1431 1440 videbuntur

143 1454 350 1502 “potuisse
367 1455 382 1490 21
437 1454 547 1494 Quid
567 1461 694 1498 restat,
716 1454 787 1490 nisi
808 1461 861 1497 ut,
882 1455 912 1490 si
928 1454 1006 1503 jam
1022 1454 1127 1491 novis
1143 1454 1262 1503 copiis
1277 1455 1432 1492 veniant

142 1510 168 1531 “
184 1506 349 1556 (constat
368 1506 470 1544 enim
491 1506 552 1542 vix
577 1506 797 1543 credibilem
820 1506 1101 1543 multitudinem
1122 1507 1237 1558 esse),
1271 1514 1309 1544 et
1329 1508 1433 1544 habi-

98 1560 168 1586 25«
179 1566 259 1596 tare
279 1558 318 1595 in
337 1559 447 1607 capta
467 1558 514 1595 ab
543 1571 597 1602 se,
627 1558 776 1595 deserta
805 1571 826 1594 a
845 1559 960 1604 vobis,
982 1559 1054 1595 hac
1073 1559 1165 1595 urbe
1186 1559 1313 1603 velint,
1335 1560 1434 1596 sina-

143 1611 259 1648 “tis'l
313 1610 450 1649 Quid?
489 1611 520 1647 si
541 1623 615 1647 non
645 1611 744 1647 Galli
765 1611 850 1654 hoc,
881 1611 947 1647 sed
976 1618 1122 1648 veteres
1151 1612 1277 1648 hostes
1305 1612 1432 1656 vestri,

144 1659 169 1680 “
184 1662 301 1710 AEqui
320 1662 510 1706 Volscive,
531 1662 686 1709 faciant,
706 1670 748 1699 ut
767 1664 1019 1712 commigrent
1047 1664 1227 1707 Romam,
1260 1664 1433 1701 velitisne

145 1711 267 1751 “illos
287 1714 496 1758 Romanos,
518 1727 582 1751 vos
602 1715 784 1764 Vejentes
803 1717 911 1752 esse?
951 1729 998 1752 311
1029 1716 1167 1752 malitis
1187 1716 1286 1752 hanc
1306 1717 1434 1753 solitu-

146 1763 170 1784 “
183 1767 312 1803 dinem
332 1773 507 1813 vestram,
526 1766 636 1814 quam
657 1767 788 1803 urbem
809 1767 986 1811 hostium,
1007 1780 1090 1804 esse
1107 1769 1122 1803 ’ἒ
1162 1780 1238 1804 11011
1258 1768 1434 1816 equidem

101 1821 133 1847 30
146 1816 170 1838 “
184 1819 304 1865 video,
325 1819 413 1867 quid
434 1819 555 1868 magis
575 1819 681 1855 nefas
700 1820 758 1855 sit.
816 1820 912 1856 Haec
929 1820 1085 1867 scelera,
1101 1820 1188 1868 quia
1202 1820 1306 1869 piget
1321 1820 1436 1857 aedifi-

145 1869 171 1890 “
184 1883 284 1915 care,
306 1871 388 1907 haec
408 1871 597 1908 dedecora
615 1872 690 1919 pati
711 1872 829 1920 parati
847 1872 963 1908 estis?
1021 1872 1062 1909 Si
1083 1873 1157 1909 tota
1177 1873 1269 1909 urbe
1288 1873 1434 1909 nullum

147 1922 320 1960 “melius
349 1922 555 1972 ampliusve
583 1930 727 1960 tectum
757 1924 836 1960 fieri
857 1925 983 1972 possit,
1004 1925 1115 1973 quam
1136 1937 1226 1961 casa
1258 1925 1322 1961 illa
1347 1938 1436 1962 6011-

144 1974 314 2013 “ditoris
333 1982 389 2012 est
421 1975 552 2019 nostri,
579 1988 655 2013 non
685 1975 723 2012 in
753 1976 864 2019 casis,
894 1977 967 2013 ritu
1000 1983 1193 2026 pastorum
1214 1978 1437 2027 agrestium-

146 2027 171 2048 “
184 2041 268 2078 que,
307 2028 476 2065 habitare
513 2034 571 2064 est
607 2028 724 2064 satius
761 2029 858 2065 inter
887 2042 995 2066 sacra
1022 2036 1252 2078 penatesque
1282 2038 1435 2077 vestros,

100 2080 296 2130 ³⁵“quam
325 2080 537 2117 exsulatum
568 2080 718 2129 publice·
753 2080 838 2117 1161
896 2081 1062 2131 Majores
1092 2083 1221 2125 nostri,
1253 2095 1433 2119 convenae

147 2133 172 2154 “
185 2140 438 2182 pastoresque,
459 2145 574 2181 quum
597 2133 635 2169 in
656 2133 714 2169 his
734 2133 826 2170 locis
846 2134 952 2179 nihil,
974 2142 1107 2183 praeter
1127 2135 1238 2171 silvas
1264 2136 1437 2184 paludes-

146 2186 270 2234 “que‚
290 2193 402 2229 esset,
424 2198 558 2222 novam
580 2186 711 2222 urbem
733 2194 808 2222 tam
829 2186 932 2222 brevi
953 2186 1215 2223 aedificarunt:
1262 2200 1343 2234 1105,
1364 2188 1437 2224 Ca-

147 2238 172 2259 “
185 2237 327 2286 pitolio,
347 2250 434 2274 arce
455 2237 648 2284 incolumi,
669 2238 857 2275 stantibus
875 2239 1025 2287 templis
1045 2239 1227 2287 Deorum,
1247 2240 1435 2277 aedificare

146 2290 343 2326 “incensa
362 2290 495 2338 piget'l
541 2296 591 2333 et,
621 2291 720 2339 quod
754 2291 893 2340 singuli
925 2291 1059 2328 facturi
1092 2291 1245 2336 fuimus,
1276 2293 1307 2329 si
1337 2293 1436 2328 aedes

102 2343 170 2374 4⁰“
184 2349 322 2379 nostrae
342 2341 626 2391 deflagrassent,
647 2343 719 2380 hoc
740 2343 778 2380 in
798 2343 951 2392 publico
984 2344 1164 2382 incendio
1196 2344 1362 2382 universi
1382 2356 1436 2380 16-

145 2396 171 2418 “
183 2406 360 2433 cusamus
380 2393 504 2431 facere
522 2396 536 2430 ’ἱ

492 2447 539 2484 12
