1617 2765
155 184 206 221 46
678 185 768 217 T1T1
792 186 902 216 LIVII

157 277 326 321 validior,
347 278 512 315 medium
532 279 660 328 arripit
680 280 875 323 Servium3
917 280 1130 328 elatumque
1150 293 1170 317 e
1190 281 1295 317 curia
1315 281 1353 318 in
1372 295 1428 319 m·

157 329 329 367 seriorem
357 339 498 379 partem
527 344 591 379 per
619 332 757 380 gradus
793 333 933 380 dejicit.
1007 333 1102 368 Inde
1130 333 1176 369 ad
1213 335 1428 382 cogendum

156 390 327 419 senatum
347 383 385 419 in
405 383 546 419 curiam
567 384 674 419 redit.
731 384 791 420 Fit
811 385 899 432 fuga
930 385 1028 433 regis
1048 386 1296 443 apparitorum
1318 394 1428 434 atque

155 434 347 471 comitum.
378 434 463 483 Ipse
479 435 590 492 prope
606 436 820 484 exsanguis,
837 448 953 483 quum
969 437 1179 473 semianimi
1196 437 1298 485 regio
1313 438 1429 474 comi-

154 493 234 522 tatu
245 487 397 523 domum
413 499 452 522 se
465 487 660 535 reciperet,
676 496 977 535 pervenissetque
987 488 1032 524 ad
1045 501 1232 524 summum
1248 491 1302 537 Cy
1307 490 1425 548 prium
1456 501 1473 525 5

154 537 293 585 vicum,
314 538 387 574 ab
379 539 436 584 iis,
465 538 529 586 qui
557 539 659 575 missi
682 540 729 575 ab
759 539 967 597 Tarquinio
996 540 1201 589 fugientem
1232 542 1427 578 consecuti

153 598 273 636 erant,
302 590 534 626 interficitur.
600 591 787 636 Creditur,
820 592 908 639 quia
935 605 1011 628 non
1044 592 1216 628 abhorret
1244 605 1265 628 a
1293 600 1429 630 caetero

153 642 310 685 scelere,
331 643 524 678 admonitu
563 642 700 679 Tulliae
742 643 780 679 id
822 643 980 680 sactum:
1026 651 1205 692 carpento
1232 644 1335 681 certe
1375 645 1427 694 (id

153 694 251 742 quod
280 694 369 730 satis
397 695 561 745 constat)
591 695 630 730 in
660 695 778 731 sorum
812 695 971 740 invecta,
1000 708 1073 732 nec
1102 697 1259 732 reverita
1287 704 1426 733 coetum

153 746 327 792 virorum,
347 746 516 782 evocavit
545 746 664 782 virum
684 758 704 782 e
725 747 856 782 curia:
899 759 1100 795 regemque
1129 748 1248 795 prima
1267 749 1428 796 appella-
1442 759 1472 783 10

153 797 226 833 vit:
256 810 277 833 a
295 810 368 845 quo
388 797 601 834 facessere
589 810 693 846 Jussa
711 810 758 833 ex
778 805 881 834 tanto
899 799 1061 834 tumultu
1080 811 1194 846 quum
1215 812 1254 835 se
1274 800 1427 836 domum

153 848 347 897 reciperet,
368 849 669 897 pervenissetque
690 850 735 885 ad
765 862 953 886 summum
983 850 1163 899 Cyprium
1192 851 1328 896 vicum,
1363 852 1427 889 ubi

153 900 334 937 Dianium
353 914 473 959 nuper
493 901 588 946 suit3
618 901 783 938 flectenti
804 910 1023 950 carpentum
1044 902 1202 938 dextra
1193 915 1231 939 m
1254 904 1426 940 Virbium

153 952 306 996 clivum,
327 960 368 989 ut
386 953 424 989 in
445 953 578 989 collem
612 953 878 1012 Esquiliariurn
911 955 1143 997 eveheretur,
1173 955 1307 991 restitit
1327 956 1427 1004 pavi-

152 1005 236 1051 dus,
256 1014 365 1053 atque
385 1005 548 1041 inhibuit
568 1005 719 1042 frenos
711 1018 754 1048 is,
775 1006 837 1053 qui
854 1006 1025 1054 jumenta
1037 1006 1195 1055 agebat;
1221 1007 1427 1055 Jacentem-
1441 1017 1472 1042 15

152 1069 224 1104 que
253 1057 413 1093 dominae
434 1057 606 1093 Servium
638 1057 865 1094 trucidatum
893 1059 1067 1095 ostendit.
1124 1058 1286 1095 Foedum
1317 1060 1427 1096 inhu-

153 1121 381 1157 manumque
400 1109 489 1145 inde
521 1109 678 1145 traditur
707 1110 843 1156 scelus,
873 1117 1189 1158 monumentoque
1222 1111 1326 1147 locus
1345 1119 1423 1148 est·

153 1161 388 1197 Sceleratum
418 1161 542 1197 vicum
574 1168 721 1207 vocant,
756 1174 829 1209 quo
858 1174 1000 1206 amens,
1040 1162 1268 1211 agitantibus
1300 1163 1426 1200 Furiis

153 1212 288 1248 sororis
321 1225 365 1249 ac
393 1213 474 1259 viri,
503 1212 632 1249 Tullia
659 1226 723 1261 per
751 1214 864 1262 patris
892 1226 1027 1262 corpus
1054 1222 1275 1263 carpentum
1303 1216 1426 1264 egisse

154 1264 289 1310 fertur;
318 1271 535 1313 partemque
564 1265 759 1314 sanguinis
791 1278 835 1302 ac
864 1267 979 1302 credis
1008 1274 1172 1315 paternae
1191 1275 1348 1304 cruento
1367 1279 1472 1308 νει-ρο

153 1317 291 1366 hiculo,
312 1317 566 1356 contaminata
585 1318 665 1368 ipsa
682 1331 937 1368 respersaque,
953 1319 1081 1356 tulisse
1102 1320 1147 1355 ad
1166 1327 1321 1368 penates
1341 1332 1428 1356 suos

152 1371 294 1420 virique
314 1372 371 1408 sui
389 1384 397 1408 ε
426 1371 563 1420 quibus
582 1371 697 1418 iratis,
714 1371 811 1408 malo
830 1372 935 1420 regni
958 1371 1143 1420 principio
1159 1372 1299 1408 similes
1314 1384 1427 1420 prope

153 1423 253 1460 diem
281 1424 402 1460 exitus
431 1431 687 1471 sequerentur.
744 1424 896 1460 Servius
925 1424 1075 1460 Tullius
1106 1424 1276 1472 regnavit
1309 1436 1428 1460 annos

152 1484 309 1523 quatuor
328 1482 365 1512 et
383 1476 642 1524 quadraginta,
663 1476 715 1512 ita
742 1483 782 1512 ut
815 1476 912 1512 bono
931 1476 1044 1512 etiam
1063 1476 1326 1523 moderatoque
1345 1488 1428 1512 suc·

153 1527 304 1563 cedenti
324 1528 403 1576 regi
423 1527 586 1563 difficilis
619 1527 805 1563 aemulatio
836 1535 945 1564 esset.
962 1555 970 1563 ,
1002 1527 1191 1563 Caeterum
1224 1527 1262 1563 id
1281 1539 1425 1575 quoque
1440 1540 1473 1566 25

153 1579 200 1615 ad
228 1579 384 1627 gloriam
413 1579 572 1615 accessit
601 1579 699 1627 quod
729 1592 815 1615 curn
845 1579 907 1615 illo
926 1579 1035 1615 simul
1063 1579 1163 1627 J'usta
1195 1591 1240 1614 ac
1259 1579 1428 1627 legitima

152 1643 269 1679 regna
287 1631 521 1667 occiderunt.
578 1631 622 1667 Id
653 1631 774 1679 ipsum
806 1639 882 1667 tam
915 1632 1003 1667 mite
1034 1638 1174 1667 actam
1195 1631 1426 1667 moderatum

153 1682 351 1730 imperium
373 1691 511 1728 tamen,
532 1682 619 1730 quia
643 1683 752 1719 unius
781 1690 892 1729 esset,
922 1683 1108 1731 deponere
1128 1695 1214 1718 eum
1244 1682 1281 1718 in
1302 1683 1428 1719 animo

152 1735 341 1778 habuisse,
361 1734 514 1782 quidam
544 1741 716 1771 auctores
735 1742 844 1779 sunt3
886 1735 925 1771 ni
955 1735 1079 1771 scelus
1097 1734 1316 1771 intestinum
1335 1734 1428 1771 libe-

152 1787 278 1823 randae
298 1787 425 1835 patriae
446 1786 610 1823 consilia·
623 1787 779 1836 agitanti
798 1787 1070 1823 intervenisset.
1441 1800 1473 1825 30

202 1889 350 1926 XLIX.
381 1890 475 1926 Inde
495 1890 539 1926 L.
559 1890 792 1938 Tarquinius
811 1903 969 1940 regnare
998 1891 1158 1939 occepit,
1175 1891 1236 1927 cui
1258 1891 1474 1944 Superb0—.

149 1954 362 1990 cognomen
393 1942 491 1978 facta
523 1942 754 1985 indiderunt,
786 1943 874 1990 quia
905 1955 1077 1979 socerum
1097 1955 1216 2010 gener
1238 1943 1456 1991 sepultura·
1449 1971 1466 1987 ἢ

150 1994 354 2042 prohibuit,
374 1994 621 2030 “Romulum
640 1994 1025 2042 quoqueinsepultum
1041 1995 1201 2043 perisse'
1208 1995 1425 2031 'dictitans
1449 1993 1474 2043 {3

153 2046 339 2083 Primores
359 2046 524 2091 Patrum,
544 2058 636 2093 quos
656 2046 775 2082 Servii
808 2047 920 2082 rebus
953 2046 1085 2082 favisse
1105 2046 1294 2092 credebat,
1317 2047 1428 2083 inter·
1449 2045 1474 2070 ²³

153 2098 267 2134 fecit:
297 2099 473 2134 conscius
488 2098 639 2144 deinde,
661 2098 758 2134 male
779 2098 971 2146 quaerendi
1004 2098 1110 2147 regni
1141 2098 1187 2134 ab
1207 2111 1247 2134 se
1269 2100 1346 2146 ipso
1365 2099 1466 2163 ad‘z

154 2162 280 2186 versus
299 2163 338 2186 se
358 2150 570 2208 exemplum
590 2151 674 2199 capi
703 2163 823 2198 posse,
855 2150 1006 2186 armatis
1035 2162 1170 2198 corpus
1199 2147 1466 2199 circumsep-·
1448 2185 1473 2201 ι

152 2202 223 2238 sit:
253 2214 373 2249 neque
393 2202 494 2238 enim
512 2202 558 2238 ad
587 2215 649 2250 Jus
677 2202 784 2251 regni
816 2202 1016 2250 quidquam
1048 2209 1180 2250 praeter
1210 2202 1282 2238 vim
1315 2202 1473 2260 habe-s}

153 2254 239 2297 bat3
269 2261 308 2289 ut
327 2254 388 2301 qui
409 2266 531 2301 neque
551 2254 676 2302 populi
706 2254 824 2302 jussu,
844 2266 978 2301 ¹neque
998 2253 1213 2290 auctoribus
1239 2254 1425 2297 Patribus,

151 2314 337 2363 regnaret.
393 2305 450 2341 Εό
470 2306 688 2352 accedebat,
710 2313 749 2342 ut
770 2306 805 2341 in
827 2306 981 2342 caritate
1001 2305 1139 2342 civium
1160 2305 1252 2341 nihil
1272 2306 1350 2354 spei
1370 2318 1427 2342 re-

151 2357 305 2406 ponenti
325 2364 427 2393 metu
447 2369 606 2405 regnum
631 2358 827 2393 tutandum
848 2365 967 2394 esset:
997 2370 1107 2405 quem
1127 2365 1166 2393 ut
1186 2357 1380 2405 pluribus*
1373 2369 1427 2393 in·
1441 2371 1473 2397 40

152 2416 309 2453 cuteret,
329 2409 565 2457 cognitiones
597 2409 812 2457 capitalium
843 2422 966 2445 rerum
996 2410 1077 2445 sine
1107 2409 1274 2445 consiliis
1302 2422 1367 2457 per
1386 2420 1426 2444 se

153 2461 252 2499 solus
270 2461 491 2506 exercebat;
521 2473 659 2509 perque
679 2474 762 2498 eam
796 2473 948 2497 causam
980 2461 1167 2507 occidere,
1195 2461 1233 2498 in
1252 2460 1427 2497 exsilium
