<?xml version="1.0" encoding="UTF-8"?>
<!DOCTYPE html PUBLIC "-//W3C//DTD XHTML 1.0 Transitional//EN"
    "http://www.w3.org/TR/xhtml1/DTD/xhtml1-transitional.dtd">
<html xmlns="http://www.w3.org/1999/xhtml" xml:lang="en" lang="en">
 <head>
  <title>
</title>
<meta http-equiv="Content-Type" content="text/html;charset=utf-8" />
  <meta name='ocr-system' content='tesseract 3.04.00' />
  <meta name='ocr-capabilities' content='ocr_page ocr_carea ocr_par ocr_line ocrx_word'/>
</head>
<body>
  <div class='ocr_page' id='page_1' title='image "./historiarumliber00livyuoft_0253.png"; bbox 0 0 1617 2765; ppageno 0'>
   <div class='ocr_carea' id='block_1_1' title="bbox 131 765 160 790">
    <p class='ocr_par' dir='ltr' id='par_1_1' title="bbox 131 765 160 790">
     <span class='ocr_line' id='line_1_1' title="bbox 131 765 160 790; baseline 0 0"><span class='ocrx_word' id='word_1_1' title='bbox 131 765 160 790; x_wconf 90' lang='lat'>10</span> 
     </span>
    </p>
   </div>
   <div class='ocr_carea' id='block_1_2' title="bbox 130 1026 160 1050">
    <p class='ocr_par' dir='ltr' id='par_1_2' title="bbox 130 1026 160 1050">
     <span class='ocr_line' id='line_1_2' title="bbox 130 1026 160 1050; baseline 0 0"><span class='ocrx_word' id='word_1_2' title='bbox 130 1026 160 1050; x_wconf 87' lang='lat'>15</span> 
     </span>
    </p>
   </div>
   <div class='ocr_carea' id='block_1_3' title="bbox 128 1285 160 1309">
    <p class='ocr_par' dir='ltr' id='par_1_3' title="bbox 128 1285 160 1309">
     <span class='ocr_line' id='line_1_3' title="bbox 128 1285 160 1309; baseline 0 0"><span class='ocrx_word' id='word_1_3' title='bbox 128 1285 160 1309; x_wconf 75' lang='lat'>20</span> 
     </span>
    </p>
   </div>
   <div class='ocr_carea' id='block_1_4' title="bbox 127 1545 158 1569">
    <p class='ocr_par' dir='ltr' id='par_1_4' title="bbox 127 1545 158 1569">
     <span class='ocr_line' id='line_1_4' title="bbox 127 1545 158 1569; baseline 0 0"><span class='ocrx_word' id='word_1_4' title='bbox 127 1545 158 1569; x_wconf 78' lang='lat'>25</span> 
     </span>
    </p>
   </div>
   <div class='ocr_carea' id='block_1_5' title="bbox 127 1804 158 1829">
    <p class='ocr_par' dir='ltr' id='par_1_5' title="bbox 127 1804 158 1829">
     <span class='ocr_line' id='line_1_5' title="bbox 127 1804 158 1829; baseline -0.032 0"><span class='ocrx_word' id='word_1_5' title='bbox 127 1804 158 1829; x_wconf 83' lang='lat'>:30</span> 
     </span>
    </p>
   </div>
   <div class='ocr_carea' id='block_1_6' title="bbox 127 2064 159 2088">
    <p class='ocr_par' dir='ltr' id='par_1_6' title="bbox 127 2064 159 2088">
     <span class='ocr_line' id='line_1_6' title="bbox 127 2064 159 2088; baseline 0 0"><span class='ocrx_word' id='word_1_6' title='bbox 127 2064 159 2088; x_wconf 79' lang='lat'>:35</span> 
     </span>
    </p>
   </div>
   <div class='ocr_carea' id='block_1_7' title="bbox 129 2324 160 2349">
    <p class='ocr_par' dir='ltr' id='par_1_7' title="bbox 129 2324 160 2349">
     <span class='ocr_line' id='line_1_7' title="bbox 129 2324 160 2349; baseline 0.032 -1"><span class='ocrx_word' id='word_1_7' title='bbox 129 2324 160 2349; x_wconf 79' lang='lat'>40</span> 
     </span>
    </p>
   </div>
   <div class='ocr_carea' id='block_1_8' title="bbox 597 189 1454 229">
    <p class='ocr_par' dir='ltr' id='par_1_8' title="bbox 597 189 1454 229">
     <span class='ocr_line' id='line_1_8' title="bbox 597 189 1454 229; baseline -0.002 -9"><span class='ocrx_word' id='word_1_8' title='bbox 597 190 733 221; x_wconf 83' lang='lat' dir='ltr'>LIBER</span> <span class='ocrx_word' id='word_1_9' title='bbox 755 189 864 220; x_wconf 77' lang='lat' dir='ltr'><strong>XXX.</strong></span> <span class='ocrx_word' id='word_1_10' title='bbox 905 198 984 220; x_wconf 70' lang='lat' dir='ltr'>CAP.</span> <span class='ocrx_word' id='word_1_11' title='bbox 1004 200 1079 220; x_wconf 82' lang='lat' dir='ltr'>xxx.</span> <span class='ocrx_word' id='word_1_12' title='bbox 1377 193 1454 229; x_wconf 76' lang='lat'>235</span> 
     </span>
    </p>
   </div>
   <div class='ocr_carea' id='block_1_9' title="bbox 172 283 1458 2517">
    <p class='ocr_par' dir='ltr' id='par_1_9' title="bbox 172 283 1458 2517">
     <span class='ocr_line' id='line_1_9' title="bbox 179 283 1454 337; baseline -0.004 -11"><span class='ocrx_word' id='word_1_13' title='bbox 179 287 331 337; x_wconf 76' lang='lat' dir='ltr'>“prope</span> <span class='ocrx_word' id='word_1_14' title='bbox 352 300 396 324; x_wconf 91' lang='lat' dir='ltr'>ac</span> <span class='ocrx_word' id='word_1_15' title='bbox 416 285 603 324; x_wconf 86' lang='lat' dir='ltr'>moenibus</span> <span class='ocrx_word' id='word_1_16' title='bbox 623 285 731 333; x_wconf 85' lang='lat' dir='ltr'>signa</span> <span class='ocrx_word' id='word_1_17' title='bbox 751 296 928 332; x_wconf 86' lang='lat' dir='ltr'>armaque</span> <span class='ocrx_word' id='word_1_18' title='bbox 957 283 1120 320; x_wconf 88' lang='lat' dir='ltr'>hostium</span> <span class='ocrx_word' id='word_1_19' title='bbox 1141 283 1295 329; x_wconf 86' lang='lat' dir='ltr'>vidistis,</span> <span class='ocrx_word' id='word_1_20' title='bbox 1329 292 1366 321; x_wconf 89' lang='lat' dir='ltr'>et</span> <span class='ocrx_word' id='word_1_21' title='bbox 1386 298 1454 321; x_wconf 78' lang='lat' dir='ltr'>nos</span> 
     </span>
     <span class='ocr_line' id='line_1_10' title="bbox 178 336 1454 388; baseline -0.003 -11"><span class='ocrx_word' id='word_1_22' title='bbox 178 340 262 376; x_wconf 86' lang='lat' dir='ltr'>“ab</span> <span class='ocrx_word' id='word_1_23' title='bbox 292 339 521 388; x_wconf 85' lang='lat' dir='ltr'>Cartbagine</span> <span class='ocrx_word' id='word_1_24' title='bbox 552 337 740 373; x_wconf 83' lang='lat' dir='ltr'>fremitum</span> <span class='ocrx_word' id='word_1_25' title='bbox 774 344 980 373; x_wconf 88' lang='lat' dir='ltr'>castrorum</span> <span class='ocrx_word' id='word_1_26' title='bbox 1011 336 1272 372; x_wconf 85' lang='lat' dir='ltr'>Romanorum</span> <span class='ocrx_word' id='word_1_27' title='bbox 1301 338 1454 373; x_wconf 85' lang='lat' dir='ltr'>exaudi-</span> 
     </span>
     <span class='ocr_line' id='line_1_11' title="bbox 179 388 1454 438; baseline -0.003 -10"><span class='ocrx_word' id='word_1_28' title='bbox 179 398 310 428; x_wconf 89' lang='lat' dir='ltr'>“mus.</span> <span class='ocrx_word' id='word_1_29' title='bbox 365 391 481 430; x_wconf 80' lang='lat' dir='ltr'>Quod</span> <span class='ocrx_word' id='word_1_30' title='bbox 512 390 624 438; x_wconf 85' lang='lat' dir='ltr'>igitur</span> <span class='ocrx_word' id='word_1_31' title='bbox 644 402 712 425; x_wconf 89' lang='lat' dir='ltr'>nos</span> <span class='ocrx_word' id='word_1_32' title='bbox 741 389 902 425; x_wconf 65' lang='lat' dir='ltr'>maxime</span> <span class='ocrx_word' id='word_1_33' title='bbox 932 388 1246 433; x_wconf 80' lang='lat' dir='ltr'>abominaremur,</span> <span class='ocrx_word' id='word_1_34' title='bbox 1278 400 1340 424; x_wconf 88' lang='lat' dir='ltr'>vos</span> <span class='ocrx_word' id='word_1_35' title='bbox 1369 396 1454 425; x_wconf 87' lang='lat' dir='ltr'>ante</span> 
     </span>
     <span class='ocr_line' id='line_1_12' title="bbox 178 440 1454 491; baseline -0.003 -11"><span class='ocrx_word' id='word_1_36' title='bbox 178 443 342 480; x_wconf 86' lang='lat' dir='ltr'>“omnia</span> <span class='ocrx_word' id='word_1_37' title='bbox 361 442 551 491; x_wconf 82' lang='lat' dir='ltr'>optaretis,</span> <span class='ocrx_word' id='word_1_38' title='bbox 579 442 616 477; x_wconf 92' lang='lat' dir='ltr'>in</span> <span class='ocrx_word' id='word_1_39' title='bbox 639 441 790 477; x_wconf 89' lang='lat' dir='ltr'>meliore</span> <span class='ocrx_word' id='word_1_40' title='bbox 811 441 933 476; x_wconf 64' lang='lat' dir='ltr'>vestra</span> <span class='ocrx_word' id='word_1_41' title='bbox 955 440 1102 476; x_wconf 66' lang='lat' dir='ltr'>fortuna</span> <span class='ocrx_word' id='word_1_42' title='bbox 1123 440 1169 475; x_wconf 92' lang='lat' dir='ltr'>de</span> <span class='ocrx_word' id='word_1_43' title='bbox 1189 452 1282 488; x_wconf 84' lang='lat' dir='ltr'>pace</span> <span class='ocrx_word' id='word_1_44' title='bbox 1303 440 1424 489; x_wconf 82' lang='lat' dir='ltr'>agitur</span> <span class='ocrx_word' id='word_1_45' title='bbox 1446 454 1454 476; x_wconf 74' lang='grc' dir='ltr'>ε</span> 
     </span>
     <span class='ocr_line' id='line_1_13' title="bbox 178 492 1455 544; baseline -0.003 -12"><span class='ocrx_word' id='word_1_46' title='bbox 178 495 362 544; x_wconf 85' lang='lat' dir='ltr'>“agimus</span> <span class='ocrx_word' id='word_1_47' title='bbox 381 495 419 541; x_wconf 79' lang='lat' dir='ltr'>ii,</span> <span class='ocrx_word' id='word_1_48' title='bbox 439 506 594 543; x_wconf 89' lang='lat' dir='ltr'>quorum</span> <span class='ocrx_word' id='word_1_49' title='bbox 616 500 654 530; x_wconf 90' lang='lat' dir='ltr'>et</span> <span class='ocrx_word' id='word_1_50' title='bbox 674 492 836 529; x_wconf 74' lang='lat' dir='ltr'>maxime</span> <span class='ocrx_word' id='word_1_51' title='bbox 871 493 1026 529; x_wconf 90' lang='lat' dir='ltr'>interest</span> <span class='ocrx_word' id='word_1_52' title='bbox 1059 504 1192 541; x_wconf 90' lang='lat' dir='ltr'>pacem</span> <span class='ocrx_word' id='word_1_53' title='bbox 1212 505 1307 535; x_wconf 90' lang='lat' dir='ltr'>esse,</span> <span class='ocrx_word' id='word_1_54' title='bbox 1328 499 1366 529; x_wconf 86' lang='lat' dir='ltr'>et</span> <span class='ocrx_word' id='word_1_55' title='bbox 1393 494 1455 540; x_wconf 88' lang='lat' dir='ltr'>qui</span> 
     </span>
     <span class='ocr_line' id='line_1_14' title="bbox 177 544 1455 596; baseline -0.003 -12"><span class='ocrx_word' id='word_1_56' title='bbox 177 548 476 596; x_wconf 88' lang='lat' dir='ltr'>“quodcumque</span> <span class='ocrx_word' id='word_1_57' title='bbox 513 546 714 595; x_wconf 80' lang='lat' dir='ltr'><strong>egerimus,</strong></span> <span class='ocrx_word' id='word_1_58' title='bbox 748 552 870 581; x_wconf 89' lang='lat' dir='ltr'>ratum</span> <span class='ocrx_word' id='word_1_59' title='bbox 907 545 1077 581; x_wconf 83' lang='lat' dir='ltr'>civitates</span> <span class='ocrx_word' id='word_1_60' title='bbox 1111 551 1245 580; x_wconf 83' lang='lat' dir='ltr'>nostrae</span> <span class='ocrx_word' id='word_1_61' title='bbox 1275 544 1455 581; x_wconf 76' lang='lat' dir='ltr'>habiturae</span> 
     </span>
     <span class='ocr_line' id='line_1_15' title="bbox 177 597 1457 646; baseline -0.002 -11"><span class='ocrx_word' id='word_1_62' title='bbox 177 605 200 621; x_wconf 91' lang='lat'><strong>“</strong></span> <span class='ocrx_word' id='word_1_63' title='bbox 215 600 300 635; x_wconf 88' lang='lat' dir='ltr'>sint.</span> <span class='ocrx_word' id='word_1_64' title='bbox 357 600 498 635; x_wconf 90' lang='lat' dir='ltr'>Animo</span> <span class='ocrx_word' id='word_1_65' title='bbox 518 597 661 635; x_wconf 70' lang='lat' dir='ltr'>tantum</span> <span class='ocrx_word' id='word_1_66' title='bbox 682 597 790 634; x_wconf 93' lang='lat' dir='ltr'>nobis</span> <span class='ocrx_word' id='word_1_67' title='bbox 809 610 902 646; x_wconf 92' lang='lat' dir='ltr'>opus</span> <span class='ocrx_word' id='word_1_68' title='bbox 922 604 979 633; x_wconf 91' lang='lat' dir='ltr'>est</span> <span class='ocrx_word' id='word_1_69' title='bbox 998 610 1072 634; x_wconf 88' lang='lat' dir='ltr'>non</span> <span class='ocrx_word' id='word_1_70' title='bbox 1094 597 1317 633; x_wconf 82' lang='lat' dir='ltr'>abhorrente</span> <span class='ocrx_word' id='word_1_71' title='bbox 1338 609 1359 633; x_wconf 88' lang='lat' dir='ltr'>a</span> <span class='ocrx_word' id='word_1_72' title='bbox 1378 597 1457 645; x_wconf 90' lang='lat' dir='ltr'>qui-</span> 
     </span>
     <span class='ocr_line' id='line_1_16' title="bbox 176 649 1455 698; baseline -0.002 -11"><span class='ocrx_word' id='word_1_73' title='bbox 176 651 285 687; x_wconf 89' lang='lat' dir='ltr'>“etis</span> <span class='ocrx_word' id='word_1_74' title='bbox 314 651 493 688; x_wconf 81' lang='lat' dir='ltr'>consiliis.</span> <span class='ocrx_word' id='word_1_75' title='bbox 568 650 686 689; x_wconf 76' lang='lat' dir='ltr'>Quod</span> <span class='ocrx_word' id='word_1_76' title='bbox 708 650 754 686; x_wconf 86' lang='lat' dir='ltr'>ad</span> <span class='ocrx_word' id='word_1_77' title='bbox 775 662 835 686; x_wconf 88' lang='lat' dir='ltr'>me</span> <span class='ocrx_word' id='word_1_78' title='bbox 855 650 1001 692; x_wconf 83' lang='lat' dir='ltr'>attinet,</span> <span class='ocrx_word' id='word_1_79' title='bbox 1027 649 1105 698; x_wconf 86' lang='lat' dir='ltr'>jam</span> <span class='ocrx_word' id='word_1_80' title='bbox 1138 656 1227 685; x_wconf 83' lang='lat' dir='ltr'>aetas</span> <span class='ocrx_word' id='word_1_81' title='bbox 1257 662 1386 685; x_wconf 89' lang='lat' dir='ltr'>senem</span> <span class='ocrx_word' id='word_1_82' title='bbox 1419 650 1455 685; x_wconf 89' lang='lat' dir='ltr'>in</span> 
     </span>
     <span class='ocr_line' id='line_1_17' title="bbox 174 702 1457 752; baseline -0.002 -12"><span class='ocrx_word' id='word_1_83' title='bbox 174 703 370 752; x_wconf 86' lang='lat' dir='ltr'>“patriam</span> <span class='ocrx_word' id='word_1_84' title='bbox 407 710 669 745; x_wconf 88' lang='lat' dir='ltr'>revertentem,</span> <span class='ocrx_word' id='word_1_85' title='bbox 700 702 800 738; x_wconf 87' lang='lat' dir='ltr'>unde</span> <span class='ocrx_word' id='word_1_86' title='bbox 829 714 922 750; x_wconf 89' lang='lat' dir='ltr'>puer</span> <span class='ocrx_word' id='word_1_87' title='bbox 950 702 1139 750; x_wconf 87' lang='lat' dir='ltr'>profectus</span> <span class='ocrx_word' id='word_1_88' title='bbox 1168 714 1263 746; x_wconf 89' lang='lat' dir='ltr'>sum,</span> <span class='ocrx_word' id='word_1_89' title='bbox 1294 702 1371 750; x_wconf 89' lang='lat' dir='ltr'>jam</span> <span class='ocrx_word' id='word_1_90' title='bbox 1401 714 1457 738; x_wconf 92' lang='lat' dir='ltr'>se-</span> 
     </span>
     <span class='ocr_line' id='line_1_18' title="bbox 175 754 1458 805; baseline -0.002 -13"><span class='ocrx_word' id='word_1_91' title='bbox 175 756 363 799; x_wconf 81' lang='lat' dir='ltr'>“cundae‚</span> <span class='ocrx_word' id='word_1_92' title='bbox 381 756 458 805; x_wconf 87' lang='lat' dir='ltr'>jam</span> <span class='ocrx_word' id='word_1_93' title='bbox 478 756 643 792; x_wconf 85' lang='lat' dir='ltr'>adversae</span> <span class='ocrx_word' id='word_1_94' title='bbox 669 767 741 800; x_wconf 90' lang='lat' dir='ltr'>res,</span> <span class='ocrx_word' id='word_1_95' title='bbox 771 754 823 791; x_wconf 91' lang='lat' dir='ltr'>ita</span> <span class='ocrx_word' id='word_1_96' title='bbox 850 754 1083 801; x_wconf 91' lang='lat' dir='ltr'>erudierunt,</span> <span class='ocrx_word' id='word_1_97' title='bbox 1116 761 1157 790; x_wconf 84' lang='lat' dir='ltr'>ut</span> <span class='ocrx_word' id='word_1_98' title='bbox 1188 754 1373 790; x_wconf 86' lang='lat' dir='ltr'>rationem</span> <span class='ocrx_word' id='word_1_99' title='bbox 1403 766 1458 790; x_wconf 92' lang='lat' dir='ltr'>se-</span> 
     </span>
     <span class='ocr_line' id='line_1_19' title="bbox 175 806 1457 856; baseline -0.002 -12"><span class='ocrx_word' id='word_1_100' title='bbox 175 808 288 856; x_wconf 86' lang='lat' dir='ltr'>“qui‚</span> <span class='ocrx_word' id='word_1_101' title='bbox 309 807 419 856; x_wconf 72' lang='lat' dir='ltr'>quam</span> <span class='ocrx_word' id='word_1_102' title='bbox 442 808 640 853; x_wconf 89' lang='lat' dir='ltr'>fortunam,</span> <span class='ocrx_word' id='word_1_103' title='bbox 671 806 810 843; x_wconf 90' lang='lat' dir='ltr'>malim.</span> <span class='ocrx_word' id='word_1_104' title='bbox 867 806 994 842; x_wconf 86' lang='lat' dir='ltr'>Tuam</span> <span class='ocrx_word' id='word_1_105' title='bbox 1025 813 1062 842; x_wconf 90' lang='lat' dir='ltr'>et</span> <span class='ocrx_word' id='word_1_106' title='bbox 1095 806 1390 842; x_wconf 79' lang='lat' dir='ltr'>adolescentiam</span> <span class='ocrx_word' id='word_1_107' title='bbox 1420 814 1457 842; x_wconf 86' lang='lat' dir='ltr'>et</span> 
     </span>
     <span class='ocr_line' id='line_1_20' title="bbox 176 858 1456 908; baseline -0.002 -12"><span class='ocrx_word' id='word_1_108' title='bbox 176 866 199 882; x_wconf 90' lang='lat'>“</span> <span class='ocrx_word' id='word_1_109' title='bbox 213 867 432 908; x_wconf 90' lang='lat' dir='ltr'>perpetuam</span> <span class='ocrx_word' id='word_1_110' title='bbox 472 860 703 906; x_wconf 80' lang='lat' dir='ltr'>felicitatem,</span> <span class='ocrx_word' id='word_1_111' title='bbox 742 858 924 896; x_wconf 82' lang='lat' dir='ltr'>ferociora</span> <span class='ocrx_word' id='word_1_112' title='bbox 963 866 1129 907; x_wconf 74' lang='lat' dir='ltr'>utraque,</span> <span class='ocrx_word' id='word_1_113' title='bbox 1169 858 1282 906; x_wconf 71' lang='lat' dir='ltr'>quam</span> <span class='ocrx_word' id='word_1_114' title='bbox 1321 858 1456 906; x_wconf 90' lang='lat' dir='ltr'>quietis</span> 
     </span>
     <span class='ocr_line' id='line_1_21' title="bbox 175 911 1456 960; baseline -0.002 -12"><span class='ocrx_word' id='word_1_115' title='bbox 175 918 306 960; x_wconf 88' lang='lat' dir='ltr'>“opus</span> <span class='ocrx_word' id='word_1_116' title='bbox 335 920 391 949; x_wconf 88' lang='lat' dir='ltr'>est</span> <span class='ocrx_word' id='word_1_117' title='bbox 428 912 606 956; x_wconf 89' lang='lat' dir='ltr'>consiliis,</span> <span class='ocrx_word' id='word_1_118' title='bbox 638 919 774 949; x_wconf 79' lang='lat' dir='ltr'>metuo,</span> <span class='ocrx_word' id='word_1_119' title='bbox 831 911 920 947; x_wconf 91' lang='lat' dir='ltr'>Non</span> <span class='ocrx_word' id='word_1_120' title='bbox 954 912 1093 947; x_wconf 68' lang='lat' dir='ltr'>temere</span> <span class='ocrx_word' id='word_1_121' title='bbox 1125 911 1269 947; x_wconf 90' lang='lat' dir='ltr'>incerta</span> <span class='ocrx_word' id='word_1_122' title='bbox 1299 923 1456 947; x_wconf 90' lang='lat' dir='ltr'>casuum</span> 
     </span>
     <span class='ocr_line' id='line_1_22' title="bbox 174 962 1456 1012; baseline -0.001 -13"><span class='ocrx_word' id='word_1_123' title='bbox 174 969 198 986; x_wconf 75' lang='lat'>‘⁶</span> <span class='ocrx_word' id='word_1_124' title='bbox 213 972 372 1011; x_wconf 85' lang='lat' dir='ltr'>reputat,</span> <span class='ocrx_word' id='word_1_125' title='bbox 404 977 515 1012; x_wconf 89' lang='lat' dir='ltr'>quem</span> <span class='ocrx_word' id='word_1_126' title='bbox 547 964 694 999; x_wconf 87' lang='lat' dir='ltr'>fortuna</span> <span class='ocrx_word' id='word_1_127' title='bbox 723 976 914 1010; x_wconf 88' lang='lat' dir='ltr'>nunquam</span> <span class='ocrx_word' id='word_1_128' title='bbox 936 963 1096 1010; x_wconf 79' lang='lat' dir='ltr'>decepit.</span> <span class='ocrx_word' id='word_1_129' title='bbox 1153 963 1270 1001; x_wconf 79' lang='lat' dir='ltr'>Quod</span> <span class='ocrx_word' id='word_1_130' title='bbox 1303 976 1374 1011; x_wconf 83' lang='lat' dir='ltr'>ego</span> <span class='ocrx_word' id='word_1_131' title='bbox 1404 962 1456 998; x_wconf 88' lang='lat' dir='ltr'>fui</span> 
     </span>
     <span class='ocr_line' id='line_1_23' title="bbox 174 1014 1456 1061; baseline 0 -11"><span class='ocrx_word' id='word_1_132' title='bbox 174 1015 258 1051; x_wconf 88' lang='lat' dir='ltr'>“ad</span> <span class='ocrx_word' id='word_1_133' title='bbox 289 1015 573 1057; x_wconf 85' lang='lat' dir='ltr'>Trasimenum,</span> <span class='ocrx_word' id='word_1_134' title='bbox 612 1015 658 1050; x_wconf 90' lang='lat' dir='ltr'>ad</span> <span class='ocrx_word' id='word_1_135' title='bbox 688 1015 856 1061; x_wconf 86' lang='lat' dir='ltr'>Cannas,</span> <span class='ocrx_word' id='word_1_136' title='bbox 887 1015 923 1050; x_wconf 90' lang='lat' dir='ltr'>id</span> <span class='ocrx_word' id='word_1_137' title='bbox 953 1021 992 1050; x_wconf 88' lang='lat' dir='ltr'>tu</span> <span class='ocrx_word' id='word_1_138' title='bbox 1023 1014 1133 1050; x_wconf 90' lang='lat' dir='ltr'>hodie</span> <span class='ocrx_word' id='word_1_139' title='bbox 1162 1027 1214 1050; x_wconf 90' lang='lat' dir='ltr'>es.</span> <span class='ocrx_word' id='word_1_140' title='bbox 1288 1015 1456 1050; x_wconf 86' lang='lat' dir='ltr'>Vixdum</span> 
     </span>
     <span class='ocr_line' id='line_1_24' title="bbox 173 1066 1458 1115; baseline -0.001 -12"><span class='ocrx_word' id='word_1_141' title='bbox 173 1073 197 1089; x_wconf 85' lang='lat'><strong>“</strong></span> <span class='ocrx_word' id='word_1_142' title='bbox 212 1067 361 1103; x_wconf 89' lang='lat' dir='ltr'>militari</span> <span class='ocrx_word' id='word_1_143' title='bbox 382 1074 491 1103; x_wconf 86' lang='lat' dir='ltr'>aetate</span> <span class='ocrx_word' id='word_1_144' title='bbox 512 1067 668 1115; x_wconf 88' lang='lat' dir='ltr'>imperio</span> <span class='ocrx_word' id='word_1_145' title='bbox 694 1074 864 1114; x_wconf 84' lang='lat' dir='ltr'>accepto,</span> <span class='ocrx_word' id='word_1_146' title='bbox 895 1066 1024 1103; x_wconf 80' lang='lat' dir='ltr'>omnia</span> <span class='ocrx_word' id='word_1_147' title='bbox 1053 1066 1303 1102; x_wconf 72' lang='lat' dir='ltr'>audacissime</span> <span class='ocrx_word' id='word_1_148' title='bbox 1326 1066 1458 1115; x_wconf 89' lang='lat' dir='ltr'>incipi-</span> 
     </span>
     <span class='ocr_line' id='line_1_25' title="bbox 174 1118 1457 1167; baseline -0.001 -12"><span class='ocrx_word' id='word_1_149' title='bbox 174 1125 336 1155; x_wconf 85' lang='lat' dir='ltr'>“entem</span> <span class='ocrx_word' id='word_1_150' title='bbox 370 1132 555 1167; x_wconf 83' lang='lat' dir='ltr'>nusquam</span> <span class='ocrx_word' id='word_1_151' title='bbox 586 1118 716 1154; x_wconf 88' lang='lat' dir='ltr'>fefellit</span> <span class='ocrx_word' id='word_1_152' title='bbox 746 1118 904 1155; x_wconf 85' lang='lat' dir='ltr'>fortuna.</span> <span class='ocrx_word' id='word_1_153' title='bbox 963 1118 1083 1154; x_wconf 86' lang='lat' dir='ltr'>Patris</span> <span class='ocrx_word' id='word_1_154' title='bbox 1116 1125 1153 1154; x_wconf 91' lang='lat' dir='ltr'>et</span> <span class='ocrx_word' id='word_1_155' title='bbox 1186 1118 1307 1166; x_wconf 85' lang='lat' dir='ltr'>patrui</span> <span class='ocrx_word' id='word_1_156' title='bbox 1334 1132 1457 1167; x_wconf 89' lang='lat' dir='ltr'>perse-</span> 
     </span>
     <span class='ocr_line' id='line_1_26' title="bbox 174 1169 1455 1219; baseline -0.001 -11"><span class='ocrx_word' id='word_1_157' title='bbox 174 1177 321 1207; x_wconf 85' lang='lat' dir='ltr'>“cutus</span> <span class='ocrx_word' id='word_1_158' title='bbox 341 1178 511 1217; x_wconf 87' lang='lat' dir='ltr'>mortem,</span> <span class='ocrx_word' id='word_1_159' title='bbox 537 1171 583 1206; x_wconf 86' lang='lat' dir='ltr'>ab</span> <span class='ocrx_word' id='word_1_160' title='bbox 603 1170 816 1206; x_wconf 81' lang='lat' dir='ltr'>calamitate</span> <span class='ocrx_word' id='word_1_161' title='bbox 836 1177 967 1206; x_wconf 82' lang='lat' dir='ltr'>vestrae</span> <span class='ocrx_word' id='word_1_162' title='bbox 1001 1169 1138 1206; x_wconf 76' lang='lat' dir='ltr'>domfis</span> <span class='ocrx_word' id='word_1_163' title='bbox 1168 1171 1286 1206; x_wconf 89' lang='lat' dir='ltr'>decus</span> <span class='ocrx_word' id='word_1_164' title='bbox 1307 1170 1455 1219; x_wconf 82' lang='lat' dir='ltr'>insigne</span> 
     </span>
     <span class='ocr_line' id='line_1_27' title="bbox 175 1222 1457 1271; baseline 0.001 -13"><span class='ocrx_word' id='word_1_165' title='bbox 175 1229 199 1245; x_wconf 76' lang='lat'>‘⁴</span> <span class='ocrx_word' id='word_1_166' title='bbox 214 1223 360 1260; x_wconf 87' lang='lat' dir='ltr'>virtutis</span> <span class='ocrx_word' id='word_1_167' title='bbox 379 1223 599 1271; x_wconf 86' lang='lat' dir='ltr'>pietatisque</span> <span class='ocrx_word' id='word_1_168' title='bbox 620 1222 767 1258; x_wconf 84' lang='lat' dir='ltr'>eximiae</span> <span class='ocrx_word' id='word_1_169' title='bbox 788 1222 943 1270; x_wconf 88' lang='lat' dir='ltr'>cepisti:</span> <span class='ocrx_word' id='word_1_170' title='bbox 987 1222 1143 1258; x_wconf 87' lang='lat' dir='ltr'>amissas</span> <span class='ocrx_word' id='word_1_171' title='bbox 1177 1222 1382 1271; x_wconf 87' lang='lat' dir='ltr'>Hispanias</span> <span class='ocrx_word' id='word_1_172' title='bbox 1402 1235 1457 1259; x_wconf 89' lang='lat' dir='ltr'>re-</span> 
     </span>
     <span class='ocr_line' id='line_1_28' title="bbox 176 1273 1456 1324; baseline 0 -13"><span class='ocrx_word' id='word_1_173' title='bbox 176 1275 418 1324; x_wconf 72' lang='lat' dir='ltr'>“cuperasti‚</span> <span class='ocrx_word' id='word_1_174' title='bbox 449 1281 606 1323; x_wconf 82' lang='lat' dir='ltr'>quatuor</span> <span class='ocrx_word' id='word_1_175' title='bbox 635 1274 723 1310; x_wconf 87' lang='lat' dir='ltr'>inde</span> <span class='ocrx_word' id='word_1_176' title='bbox 753 1273 908 1310; x_wconf 91' lang='lat' dir='ltr'>Punicis</span> <span class='ocrx_word' id='word_1_177' title='bbox 937 1274 1166 1310; x_wconf 86' lang='lat' dir='ltr'>exercitibus</span> <span class='ocrx_word' id='word_1_178' title='bbox 1186 1275 1327 1323; x_wconf 88' lang='lat' dir='ltr'>pulsis:</span> <span class='ocrx_word' id='word_1_179' title='bbox 1367 1288 1456 1311; x_wconf 92' lang='lat' dir='ltr'>con·</span> 
     </span>
     <span class='ocr_line' id='line_1_29' title="bbox 175 1326 1456 1375; baseline -0.001 -11"><span class='ocrx_word' id='word_1_180' title='bbox 175 1333 198 1349; x_wconf 91' lang='lat'>“</span> <span class='ocrx_word' id='word_1_181' title='bbox 213 1327 269 1364; x_wconf 90' lang='lat' dir='ltr'>sul</span> <span class='ocrx_word' id='word_1_182' title='bbox 288 1334 448 1373; x_wconf 86' lang='lat' dir='ltr'>creatus,</span> <span class='ocrx_word' id='word_1_183' title='bbox 468 1339 582 1375; x_wconf 90' lang='lat' dir='ltr'>quum</span> <span class='ocrx_word' id='word_1_184' title='bbox 603 1326 750 1363; x_wconf 85' lang='lat' dir='ltr'>caeteris</span> <span class='ocrx_word' id='word_1_185' title='bbox 771 1327 815 1362; x_wconf 87' lang='lat' dir='ltr'>ad</span> <span class='ocrx_word' id='word_1_186' title='bbox 838 1327 1033 1362; x_wconf 85' lang='lat' dir='ltr'>tutandam</span> <span class='ocrx_word' id='word_1_187' title='bbox 1055 1326 1202 1363; x_wconf 84' lang='lat' dir='ltr'>Italiam</span> <span class='ocrx_word' id='word_1_188' title='bbox 1224 1339 1357 1375; x_wconf 90' lang='lat' dir='ltr'>parum</span> <span class='ocrx_word' id='word_1_189' title='bbox 1378 1328 1456 1363; x_wconf 86' lang='lat' dir='ltr'>ani-</span> 
     </span>
     <span class='ocr_line' id='line_1_30' title="bbox 174 1378 1454 1428; baseline -0.001 -12"><span class='ocrx_word' id='word_1_190' title='bbox 174 1382 197 1402; x_wconf 88' lang='lat'>“</span> <span class='ocrx_word' id='word_1_191' title='bbox 211 1380 261 1416; x_wconf 90' lang='lat' dir='ltr'>mi</span> <span class='ocrx_word' id='word_1_192' title='bbox 281 1387 391 1424; x_wconf 88' lang='lat' dir='ltr'>esset,</span> <span class='ocrx_word' id='word_1_193' title='bbox 412 1387 666 1428; x_wconf 83' lang='lat' dir='ltr'>transgressus</span> <span class='ocrx_word' id='word_1_194' title='bbox 686 1378 724 1416; x_wconf 87' lang='lat' dir='ltr'>in</span> <span class='ocrx_word' id='word_1_195' title='bbox 759 1378 943 1425; x_wconf 85' lang='lat' dir='ltr'>Africam,</span> <span class='ocrx_word' id='word_1_196' title='bbox 977 1379 1123 1415; x_wconf 88' lang='lat' dir='ltr'>duobus</span> <span class='ocrx_word' id='word_1_197' title='bbox 1145 1380 1205 1415; x_wconf 84' lang='lat' dir='ltr'>hic</span> <span class='ocrx_word' id='word_1_198' title='bbox 1225 1380 1454 1416; x_wconf 82' lang='lat' dir='ltr'>exercitibus</span> 
     </span>
     <span class='ocr_line' id='line_1_31' title="bbox 175 1431 1451 1479; baseline 0 -11"><span class='ocrx_word' id='word_1_199' title='bbox 175 1432 331 1475; x_wconf 81' lang='lat' dir='ltr'>“caesis‚</span> <span class='ocrx_word' id='word_1_200' title='bbox 355 1432 452 1468; x_wconf 87' lang='lat' dir='ltr'>binis</span> <span class='ocrx_word' id='word_1_201' title='bbox 471 1432 605 1467; x_wconf 70' lang='lat' dir='ltr'>eadem</span> <span class='ocrx_word' id='word_1_202' title='bbox 627 1432 715 1467; x_wconf 66' lang='lat' dir='ltr'>hora</span> <span class='ocrx_word' id='word_1_203' title='bbox 749 1431 868 1479; x_wconf 89' lang='lat' dir='ltr'>captis</span> <span class='ocrx_word' id='word_1_204' title='bbox 901 1431 1011 1467; x_wconf 91' lang='lat' dir='ltr'>simul</span> <span class='ocrx_word' id='word_1_205' title='bbox 1036 1431 1275 1479; x_wconf 88' lang='lat' dir='ltr'>incensisque</span> <span class='ocrx_word' id='word_1_206' title='bbox 1306 1432 1451 1475; x_wconf 83' lang='lat' dir='ltr'>castris,</span> 
     </span>
     <span class='ocr_line' id='line_1_32' title="bbox 174 1483 1453 1532; baseline 0 -13"><span class='ocrx_word' id='word_1_207' title='bbox 174 1483 385 1532; x_wconf 83' lang='lat' dir='ltr'>“Syphace</span> <span class='ocrx_word' id='word_1_208' title='bbox 414 1484 671 1532; x_wconf 90' lang='lat' dir='ltr'>potentissimo</span> <span class='ocrx_word' id='word_1_209' title='bbox 700 1496 788 1532; x_wconf 82' lang='lat' dir='ltr'>rege</span> <span class='ocrx_word' id='word_1_210' title='bbox 818 1490 940 1531; x_wconf 84' lang='lat' dir='ltr'>capto,</span> <span class='ocrx_word' id='word_1_211' title='bbox 969 1490 1022 1519; x_wconf 89' lang='lat' dir='ltr'>tot</span> <span class='ocrx_word' id='word_1_212' title='bbox 1043 1483 1197 1519; x_wconf 86' lang='lat' dir='ltr'>urbibus</span> <span class='ocrx_word' id='word_1_213' title='bbox 1223 1484 1330 1532; x_wconf 83' lang='lat' dir='ltr'>regni</span> <span class='ocrx_word' id='word_1_214' title='bbox 1361 1484 1453 1532; x_wconf 83' lang='lat' dir='ltr'>ejus⁷</span> 
     </span>
     <span class='ocr_line' id='line_1_33' title="bbox 177 1535 1454 1584; baseline -0.001 -12"><span class='ocrx_word' id='word_1_215' title='bbox 177 1542 264 1572; x_wconf 86' lang='lat' dir='ltr'>“tot</span> <span class='ocrx_word' id='word_1_216' title='bbox 284 1536 398 1572; x_wconf 86' lang='lat' dir='ltr'>nostri</span> <span class='ocrx_word' id='word_1_217' title='bbox 421 1535 566 1584; x_wconf 92' lang='lat' dir='ltr'>imperii</span> <span class='ocrx_word' id='word_1_218' title='bbox 587 1535 736 1584; x_wconf 91' lang='lat' dir='ltr'>ereptis,</span> <span class='ocrx_word' id='word_1_219' title='bbox 764 1548 823 1571; x_wconf 90' lang='lat' dir='ltr'>me</span> <span class='ocrx_word' id='word_1_220' title='bbox 858 1535 1198 1571; x_wconf 85' lang='lat' dir='ltr'>sextumdecimum</span> <span class='ocrx_word' id='word_1_221' title='bbox 1215 1536 1291 1584; x_wconf 89' lang='lat' dir='ltr'>jam</span> <span class='ocrx_word' id='word_1_222' title='bbox 1313 1549 1454 1572; x_wconf 90' lang='lat' dir='ltr'>annum</span> 
     </span>
     <span class='ocr_line' id='line_1_34' title="bbox 173 1587 1453 1636; baseline 0.001 -13"><span class='ocrx_word' id='word_1_223' title='bbox 173 1593 197 1609; x_wconf 76' lang='lat'>‘⁴</span> <span class='ocrx_word' id='word_1_224' title='bbox 211 1588 413 1624; x_wconf 80' lang='lat' dir='ltr'>haerentem</span> <span class='ocrx_word' id='word_1_225' title='bbox 428 1588 465 1623; x_wconf 91' lang='lat' dir='ltr'>in</span> <span class='ocrx_word' id='word_1_226' title='bbox 478 1587 712 1636; x_wconf 84' lang='lat' dir='ltr'>possessione</span> <span class='ocrx_word' id='word_1_227' title='bbox 723 1587 842 1624; x_wconf 84' lang='lat' dir='ltr'>Italiae</span> <span class='ocrx_word' id='word_1_228' title='bbox 853 1587 1058 1624; x_wconf 87' lang='lat' dir='ltr'>detraxisti.</span> <span class='ocrx_word' id='word_1_229' title='bbox 1106 1587 1233 1624; x_wconf 88' lang='lat' dir='ltr'>Potest</span> <span class='ocrx_word' id='word_1_230' title='bbox 1248 1588 1453 1633; x_wconf 88' lang='lat' dir='ltr'>victoriam,</span> 
     </span>
     <span class='ocr_line' id='line_1_35' title="bbox 173 1639 1452 1689; baseline 0.001 -14"><span class='ocrx_word' id='word_1_231' title='bbox 173 1645 196 1661; x_wconf 89' lang='lat'><strong><em>“</em></strong></span> <span class='ocrx_word' id='word_1_232' title='bbox 212 1639 375 1687; x_wconf 88' lang='lat' dir='ltr'>inquam,</span> <span class='ocrx_word' id='word_1_233' title='bbox 397 1639 518 1684; x_wconf 85' lang='lat' dir='ltr'>malle,</span> <span class='ocrx_word' id='word_1_234' title='bbox 539 1639 649 1687; x_wconf 70' lang='lat' dir='ltr'>quam</span> <span class='ocrx_word' id='word_1_235' title='bbox 669 1652 816 1688; x_wconf 90' lang='lat' dir='ltr'>pacem,</span> <span class='ocrx_word' id='word_1_236' title='bbox 837 1640 998 1677; x_wconf 90' lang='lat' dir='ltr'>animus.</span> <span class='ocrx_word' id='word_1_237' title='bbox 1041 1640 1140 1676; x_wconf 94' lang='lat' dir='ltr'>Novi</span> <span class='ocrx_word' id='word_1_238' title='bbox 1161 1640 1313 1688; x_wconf 90' lang='lat' dir='ltr'>spiritus</span> <span class='ocrx_word' id='word_1_239' title='bbox 1332 1640 1452 1689; x_wconf 79' lang='lat' dir='ltr'>magis</span> 
     </span>
     <span class='ocr_line' id='line_1_36' title="bbox 173 1691 1454 1740; baseline 0.001 -13"><span class='ocrx_word' id='word_1_240' title='bbox 173 1697 379 1740; x_wconf 82' lang='lat' dir='ltr'>“magnos‚</span> <span class='ocrx_word' id='word_1_241' title='bbox 399 1691 511 1739; x_wconf 71' lang='lat' dir='ltr'>quam</span> <span class='ocrx_word' id='word_1_242' title='bbox 533 1691 667 1727; x_wconf 86' lang='lat' dir='ltr'>utiles:</span> <span class='ocrx_word' id='word_1_243' title='bbox 715 1699 752 1727; x_wconf 93' lang='lat' dir='ltr'>et</span> <span class='ocrx_word' id='word_1_244' title='bbox 773 1692 863 1727; x_wconf 91' lang='lat' dir='ltr'>mihi</span> <span class='ocrx_word' id='word_1_245' title='bbox 884 1692 967 1728; x_wconf 85' lang='lat' dir='ltr'>talis</span> <span class='ocrx_word' id='word_1_246' title='bbox 987 1692 1188 1740; x_wconf 86' lang='lat' dir='ltr'>aliquando</span> <span class='ocrx_word' id='word_1_247' title='bbox 1222 1692 1372 1728; x_wconf 83' lang='lat' dir='ltr'>fortuna</span> <span class='ocrx_word' id='word_1_248' title='bbox 1401 1693 1454 1728; x_wconf 86' lang='lat' dir='ltr'>af-</span> 
     </span>
     <span class='ocr_line' id='line_1_37' title="bbox 173 1742 1454 1792; baseline 0.002 -13"><span class='ocrx_word' id='word_1_249' title='bbox 173 1750 197 1766; x_wconf 85' lang='lat'><strong>“</strong></span> <span class='ocrx_word' id='word_1_250' title='bbox 212 1743 324 1780; x_wconf 87' lang='lat' dir='ltr'>fulsit.</span> <span class='ocrx_word' id='word_1_251' title='bbox 379 1742 498 1782; x_wconf 79' lang='lat' dir='ltr'>Quod</span> <span class='ocrx_word' id='word_1_252' title='bbox 515 1743 544 1779; x_wconf 93' lang='lat' dir='ltr'>si</span> <span class='ocrx_word' id='word_1_253' title='bbox 566 1743 603 1779; x_wconf 90' lang='lat' dir='ltr'>in</span> <span class='ocrx_word' id='word_1_254' title='bbox 625 1744 803 1779; x_wconf 90' lang='lat' dir='ltr'>secundis</span> <span class='ocrx_word' id='word_1_255' title='bbox 832 1744 944 1779; x_wconf 89' lang='lat' dir='ltr'>rebus</span> <span class='ocrx_word' id='word_1_256' title='bbox 965 1744 1101 1780; x_wconf 83' lang='lat' dir='ltr'>bonam</span> <span class='ocrx_word' id='word_1_257' title='bbox 1121 1756 1266 1792; x_wconf 88' lang='lat' dir='ltr'>quoque</span> <span class='ocrx_word' id='word_1_258' title='bbox 1287 1752 1454 1781; x_wconf 83' lang='lat' dir='ltr'>mentem</span> 
     </span>
     <span class='ocr_line' id='line_1_38' title="bbox 173 1795 1452 1843; baseline 0.002 -12"><span class='ocrx_word' id='word_1_259' title='bbox 173 1801 196 1818; x_wconf 87' lang='lat'><strong>“</strong></span> <span class='ocrx_word' id='word_1_260' title='bbox 211 1795 343 1831; x_wconf 87' lang='lat' dir='ltr'>darent</span> <span class='ocrx_word' id='word_1_261' title='bbox 363 1795 426 1831; x_wconf 90' lang='lat' dir='ltr'>Dii</span> <span class='ocrx_word' id='word_1_262' title='bbox 443 1808 452 1839; x_wconf 89' lang='grc'>;</span> <span class='ocrx_word' id='word_1_263' title='bbox 500 1808 575 1832; x_wconf 87' lang='lat' dir='ltr'>non</span> <span class='ocrx_word' id='word_1_264' title='bbox 596 1808 641 1831; x_wconf 91' lang='lat' dir='ltr'>ea</span> <span class='ocrx_word' id='word_1_265' title='bbox 660 1796 798 1838; x_wconf 75' lang='lat' dir='ltr'>solum,</span> <span class='ocrx_word' id='word_1_266' title='bbox 818 1808 899 1843; x_wconf 83' lang='lat' dir='ltr'>quae</span> <span class='ocrx_word' id='word_1_267' title='bbox 920 1796 1145 1841; x_wconf 90' lang='lat' dir='ltr'>evenissent,</span> <span class='ocrx_word' id='word_1_268' title='bbox 1175 1797 1241 1832; x_wconf 92' lang='lat' dir='ltr'>sed</span> <span class='ocrx_word' id='word_1_269' title='bbox 1261 1796 1375 1832; x_wconf 86' lang='lat' dir='ltr'>etiam</span> <span class='ocrx_word' id='word_1_270' title='bbox 1396 1810 1452 1840; x_wconf 88' lang='lat' dir='ltr'>ea,</span> 
     </span>
     <span class='ocr_line' id='line_1_39' title="bbox 173 1847 1455 1896; baseline 0.002 -13"><span class='ocrx_word' id='word_1_271' title='bbox 173 1853 292 1895; x_wconf 87' lang='lat' dir='ltr'>“quae</span> <span class='ocrx_word' id='word_1_272' title='bbox 312 1847 463 1883; x_wconf 90' lang='lat' dir='ltr'>evenire</span> <span class='ocrx_word' id='word_1_273' title='bbox 483 1854 646 1896; x_wconf 89' lang='lat' dir='ltr'>possent,</span> <span class='ocrx_word' id='word_1_274' title='bbox 667 1855 936 1896; x_wconf 89' lang='lat' dir='ltr'>reputaremus.</span> <span class='ocrx_word' id='word_1_275' title='bbox 995 1849 1043 1885; x_wconf 92' lang='lat' dir='ltr'>Ut</span> <span class='ocrx_word' id='word_1_276' title='bbox 1061 1849 1230 1884; x_wconf 90' lang='lat' dir='ltr'>omnium</span> <span class='ocrx_word' id='word_1_277' title='bbox 1259 1849 1455 1885; x_wconf 87' lang='lat' dir='ltr'>oblivisca-</span> 
     </span>
     <span class='ocr_line' id='line_1_40' title="bbox 172 1899 1452 1948; baseline 0.002 -13"><span class='ocrx_word' id='word_1_278' title='bbox 172 1900 260 1935; x_wconf 87' lang='lat' dir='ltr'>“ris</span> <span class='ocrx_word' id='word_1_279' title='bbox 297 1899 466 1945; x_wconf 90' lang='lat' dir='ltr'>aliorum,</span> <span class='ocrx_word' id='word_1_280' title='bbox 497 1900 586 1935; x_wconf 86' lang='lat' dir='ltr'>satis</span> <span class='ocrx_word' id='word_1_281' title='bbox 614 1912 685 1948; x_wconf 83' lang='lat' dir='ltr'>ego</span> <span class='ocrx_word' id='word_1_282' title='bbox 712 1900 930 1936; x_wconf 88' lang='lat' dir='ltr'>documenti</span> <span class='ocrx_word' id='word_1_283' title='bbox 970 1901 1008 1937; x_wconf 90' lang='lat' dir='ltr'>in</span> <span class='ocrx_word' id='word_1_284' title='bbox 1047 1913 1180 1936; x_wconf 90' lang='lat' dir='ltr'>omnes</span> <span class='ocrx_word' id='word_1_285' title='bbox 1219 1913 1330 1937; x_wconf 89' lang='lat' dir='ltr'>casus</span> <span class='ocrx_word' id='word_1_286' title='bbox 1358 1914 1452 1937; x_wconf 87' lang='lat' dir='ltr'>sum.</span> 
     </span>
     <span class='ocr_line' id='line_1_41' title="bbox 173 1950 1452 2000; baseline 0.002 -12"><span class='ocrx_word' id='word_1_287' title='bbox 173 1950 340 1990; x_wconf 77' lang='lat' dir='ltr'>“Quem</span> <span class='ocrx_word' id='word_1_288' title='bbox 362 1951 483 1995; x_wconf 80' lang='lat' dir='ltr'>modo,</span> <span class='ocrx_word' id='word_1_289' title='bbox 506 1951 638 1987; x_wconf 83' lang='lat' dir='ltr'>castris</span> <span class='ocrx_word' id='word_1_290' title='bbox 658 1951 754 1988; x_wconf 91' lang='lat' dir='ltr'>inter</span> <span class='ocrx_word' id='word_1_291' title='bbox 775 1952 966 1989; x_wconf 89' lang='lat' dir='ltr'>Anienem</span> <span class='ocrx_word' id='word_1_292' title='bbox 1001 1960 1111 2000; x_wconf 84' lang='lat' dir='ltr'>atque</span> <span class='ocrx_word' id='word_1_293' title='bbox 1142 1953 1273 1989; x_wconf 84' lang='lat' dir='ltr'>urbem</span> <span class='ocrx_word' id='word_1_294' title='bbox 1293 1960 1452 1990; x_wconf 91' lang='lat' dir='ltr'>vestram</span> 
     </span>
     <span class='ocr_line' id='line_1_42' title="bbox 173 2003 1452 2052; baseline 0.002 -14"><span class='ocrx_word' id='word_1_295' title='bbox 173 2009 196 2026; x_wconf 73' lang='lat'>‘⁶</span> <span class='ocrx_word' id='word_1_296' title='bbox 210 2003 352 2050; x_wconf 86' lang='lat' dir='ltr'>positis,</span> <span class='ocrx_word' id='word_1_297' title='bbox 371 2003 480 2052; x_wconf 82' lang='lat' dir='ltr'>signa</span> <span class='ocrx_word' id='word_1_298' title='bbox 501 2004 725 2040; x_wconf 87' lang='lat' dir='ltr'>inserentem</span> <span class='ocrx_word' id='word_1_299' title='bbox 755 2004 801 2040; x_wconf 84' lang='lat' dir='ltr'>ad</span> <span class='ocrx_word' id='word_1_300' title='bbox 822 2005 962 2041; x_wconf 86' lang='lat' dir='ltr'>moenia</span> <span class='ocrx_word' id='word_1_301' title='bbox 980 2005 1157 2041; x_wconf 83' lang='lat' dir='ltr'>Romana</span> <span class='ocrx_word' id='word_1_302' title='bbox 1174 2017 1183 2049; x_wconf 85' lang='lat'>3</span> <span class='ocrx_word' id='word_1_303' title='bbox 1232 2005 1294 2041; x_wconf 86' lang='lat' dir='ltr'>hic</span> <span class='ocrx_word' id='word_1_304' title='bbox 1314 2005 1452 2051; x_wconf 86' lang='lat' dir='ltr'>cernis,</span> 
     </span>
     <span class='ocr_line' id='line_1_43' title="bbox 174 2055 1453 2105; baseline 0.002 -15"><span class='ocrx_word' id='word_1_305' title='bbox 174 2055 357 2091; x_wconf 83' lang='lat' dir='ltr'>“duobus</span> <span class='ocrx_word' id='word_1_306' title='bbox 388 2055 595 2091; x_wconf 86' lang='lat' dir='ltr'>fortissimis</span> <span class='ocrx_word' id='word_1_307' title='bbox 627 2056 725 2099; x_wconf 66' lang='lat' dir='ltr'>viris,</span> <span class='ocrx_word' id='word_1_308' title='bbox 759 2055 946 2103; x_wconf 86' lang='lat' dir='ltr'>fratribus,</span> <span class='ocrx_word' id='word_1_309' title='bbox 980 2057 1198 2093; x_wconf 87' lang='lat' dir='ltr'>clarissimis</span> <span class='ocrx_word' id='word_1_310' title='bbox 1222 2057 1453 2105; x_wconf 85' lang='lat' dir='ltr'>imperatori-</span> 
     </span>
     <span class='ocr_line' id='line_1_44' title="bbox 174 2107 1453 2157; baseline 0.002 -15"><span class='ocrx_word' id='word_1_311' title='bbox 174 2114 196 2130; x_wconf 80' lang='lat'>‘⁴</span> <span class='ocrx_word' id='word_1_312' title='bbox 211 2107 292 2153; x_wconf 86' lang='lat' dir='ltr'>bus,</span> <span class='ocrx_word' id='word_1_313' title='bbox 322 2107 504 2152; x_wconf 88' lang='lat' dir='ltr'>orbatum,</span> <span class='ocrx_word' id='word_1_314' title='bbox 540 2114 625 2143; x_wconf 88' lang='lat' dir='ltr'>ante</span> <span class='ocrx_word' id='word_1_315' title='bbox 655 2108 796 2144; x_wconf 82' lang='lat' dir='ltr'>moenia</span> <span class='ocrx_word' id='word_1_316' title='bbox 825 2109 935 2157; x_wconf 76' lang='lat' dir='ltr'>prope</span> <span class='ocrx_word' id='word_1_317' title='bbox 956 2109 1118 2145; x_wconf 83' lang='lat' dir='ltr'>obsessae</span> <span class='ocrx_word' id='word_1_318' title='bbox 1146 2109 1287 2157; x_wconf 76' lang='lat' dir='ltr'>patriae‚</span> <span class='ocrx_word' id='word_1_319' title='bbox 1317 2109 1453 2157; x_wconf 90' lang='lat' dir='ltr'>quibus</span> 
     </span>
     <span class='ocr_line' id='line_1_45' title="bbox 174 2159 1453 2209; baseline 0.003 -16"><span class='ocrx_word' id='word_1_320' title='bbox 174 2159 325 2194; x_wconf 81' lang='lat' dir='ltr'>“terrui</span> <span class='ocrx_word' id='word_1_321' title='bbox 347 2166 504 2194; x_wconf 86' lang='lat' dir='ltr'>vestram</span> <span class='ocrx_word' id='word_1_322' title='bbox 521 2159 665 2206; x_wconf 84' lang='lat' dir='ltr'>urbem,</span> <span class='ocrx_word' id='word_1_323' title='bbox 686 2173 732 2196; x_wconf 90' lang='lat' dir='ltr'>ea</span> <span class='ocrx_word' id='word_1_324' title='bbox 750 2173 815 2209; x_wconf 91' lang='lat' dir='ltr'>pro</span> <span class='ocrx_word' id='word_1_325' title='bbox 836 2161 920 2196; x_wconf 69' lang='lat' dir='ltr'>mea</span> <span class='ocrx_word' id='word_1_326' title='bbox 940 2162 1219 2209; x_wconf 86' lang='lat' dir='ltr'>deprecantem.</span> <span class='ocrx_word' id='word_1_327' title='bbox 1277 2161 1453 2197; x_wconf 65' lang='lat' dir='ltr'>Maximae</span> 
     </span>
     <span class='ocr_line' id='line_1_46' title="bbox 174 2211 1452 2258; baseline 0.002 -12"><span class='ocrx_word' id='word_1_328' title='bbox 174 2217 198 2234; x_wconf 89' lang='lat'>“</span> <span class='ocrx_word' id='word_1_329' title='bbox 212 2211 348 2258; x_wconf 87' lang='lat' dir='ltr'>cuique</span> <span class='ocrx_word' id='word_1_330' title='bbox 369 2211 526 2247; x_wconf 70' lang='lat' dir='ltr'>fortunae</span> <span class='ocrx_word' id='word_1_331' title='bbox 549 2211 701 2248; x_wconf 77' lang='lat' dir='ltr'>minime</span> <span class='ocrx_word' id='word_1_332' title='bbox 731 2213 964 2249; x_wconf 90' lang='lat' dir='ltr'>credendum</span> <span class='ocrx_word' id='word_1_333' title='bbox 985 2220 1052 2249; x_wconf 90' lang='lat' dir='ltr'>est.</span> <span class='ocrx_word' id='word_1_334' title='bbox 1110 2213 1155 2248; x_wconf 88' lang='lat' dir='ltr'>In</span> <span class='ocrx_word' id='word_1_335' title='bbox 1176 2213 1284 2250; x_wconf 91' lang='lat' dir='ltr'>bonis</span> <span class='ocrx_word' id='word_1_336' title='bbox 1303 2214 1378 2250; x_wconf 89' lang='lat' dir='ltr'>tuis</span> <span class='ocrx_word' id='word_1_337' title='bbox 1399 2226 1452 2249; x_wconf 91' lang='lat' dir='ltr'>re-</span> 
     </span>
     <span class='ocr_line' id='line_1_47' title="bbox 174 2263 1450 2314; baseline 0.003 -17"><span class='ocrx_word' id='word_1_338' title='bbox 174 2269 198 2285; x_wconf 87' lang='lat'><strong>“</strong></span> <span class='ocrx_word' id='word_1_339' title='bbox 212 2263 293 2304; x_wconf 89' lang='lat' dir='ltr'>bus,</span> <span class='ocrx_word' id='word_1_340' title='bbox 315 2263 450 2298; x_wconf 87' lang='lat' dir='ltr'>nostris</span> <span class='ocrx_word' id='word_1_341' title='bbox 469 2263 604 2310; x_wconf 87' lang='lat' dir='ltr'>dubiis,</span> <span class='ocrx_word' id='word_1_342' title='bbox 634 2264 700 2300; x_wconf 87' lang='lat' dir='ltr'>tibi</span> <span class='ocrx_word' id='word_1_343' title='bbox 720 2265 843 2313; x_wconf 88' lang='lat' dir='ltr'>ampla</span> <span class='ocrx_word' id='word_1_344' title='bbox 871 2278 915 2301; x_wconf 91' lang='lat' dir='ltr'>ac</span> <span class='ocrx_word' id='word_1_345' title='bbox 936 2265 1105 2314; x_wconf 85' lang='lat' dir='ltr'>speciosa</span> <span class='ocrx_word' id='word_1_346' title='bbox 1133 2265 1236 2301; x_wconf 91' lang='lat' dir='ltr'>danti</span> <span class='ocrx_word' id='word_1_347' title='bbox 1267 2272 1324 2301; x_wconf 90' lang='lat' dir='ltr'>est</span> <span class='ocrx_word' id='word_1_348' title='bbox 1352 2278 1424 2313; x_wconf 87' lang='lat' dir='ltr'>pax</span> <span class='ocrx_word' id='word_1_349' title='bbox 1442 2278 1450 2300; x_wconf 75' lang='grc' dir='ltr'><strong><em>ε</em></strong></span> 
     </span>
     <span class='ocr_line' id='line_1_48' title="bbox 175 2314 1451 2365; baseline 0.002 -15"><span class='ocrx_word' id='word_1_350' title='bbox 175 2321 198 2338; x_wconf 86' lang='grc'>“</span> <span class='ocrx_word' id='word_1_351' title='bbox 214 2314 320 2350; x_wconf 89' lang='lat' dir='ltr'>nobis</span> <span class='ocrx_word' id='word_1_352' title='bbox 346 2315 559 2363; x_wconf 87' lang='lat' dir='ltr'>petentibus</span> <span class='ocrx_word' id='word_1_353' title='bbox 576 2316 693 2364; x_wconf 83' lang='lat' dir='ltr'>magis</span> <span class='ocrx_word' id='word_1_354' title='bbox 713 2317 940 2360; x_wconf 85' lang='lat' dir='ltr'>necessaria,</span> <span class='ocrx_word' id='word_1_355' title='bbox 958 2317 1068 2365; x_wconf 72' lang='lat' dir='ltr'>quam</span> <span class='ocrx_word' id='word_1_356' title='bbox 1089 2318 1257 2354; x_wconf 89' lang='lat' dir='ltr'>honesta.</span> <span class='ocrx_word' id='word_1_357' title='bbox 1314 2317 1451 2353; x_wconf 86' lang='lat' dir='ltr'>Melior</span> 
     </span>
     <span class='ocr_line' id='line_1_49' title="bbox 175 2366 1449 2418; baseline 0.001 -16"><span class='ocrx_word' id='word_1_358' title='bbox 175 2366 397 2414; x_wconf 82' lang='lat' dir='ltr'>“tutiorque</span> <span class='ocrx_word' id='word_1_359' title='bbox 427 2374 483 2402; x_wconf 89' lang='lat' dir='ltr'>est</span> <span class='ocrx_word' id='word_1_360' title='bbox 516 2374 618 2403; x_wconf 90' lang='lat' dir='ltr'>certa</span> <span class='ocrx_word' id='word_1_361' title='bbox 641 2380 726 2416; x_wconf 85' lang='lat' dir='ltr'>pax,</span> <span class='ocrx_word' id='word_1_362' title='bbox 755 2369 866 2417; x_wconf 75' lang='lat' dir='ltr'>quam</span> <span class='ocrx_word' id='word_1_363' title='bbox 902 2377 1048 2418; x_wconf 88' lang='lat' dir='ltr'>sperata</span> <span class='ocrx_word' id='word_1_364' title='bbox 1077 2369 1256 2405; x_wconf 87' lang='lat' dir='ltr'>victoria:</span> <span class='ocrx_word' id='word_1_365' title='bbox 1297 2369 1377 2405; x_wconf 79' lang='lat' dir='ltr'>haee</span> <span class='ocrx_word' id='word_1_366' title='bbox 1411 2369 1449 2403; x_wconf 89' lang='lat' dir='ltr'>in</span> 
     </span>
     <span class='ocr_line' id='line_1_50' title="bbox 180 2418 1451 2463; baseline 0 -9"><span class='ocrx_word' id='word_1_367' title='bbox 180 2419 292 2463; x_wconf 41' lang='lat' dir='ltr'>“tua</span> <span class='ocrx_word' id='word_1_368' title='bbox 323 2419 386 2455; x_wconf 88' lang='lat' dir='ltr'>illa</span> <span class='ocrx_word' id='word_1_369' title='bbox 416 2419 452 2454; x_wconf 90' lang='lat' dir='ltr'>in</span> <span class='ocrx_word' id='word_1_370' title='bbox 474 2418 639 2455; x_wconf 90' lang='lat' dir='ltr'>Deorum</span> <span class='ocrx_word' id='word_1_371' title='bbox 659 2433 772 2457; x_wconf 88' lang='lat' dir='ltr'>manu</span> <span class='ocrx_word' id='word_1_372' title='bbox 803 2430 869 2457; x_wconf 88' lang='lat' dir='ltr'>est.</span> <span class='ocrx_word' id='word_1_373' title='bbox 928 2422 988 2457; x_wconf 90' lang='lat' dir='ltr'>Ne</span> <span class='ocrx_word' id='word_1_374' title='bbox 1010 2428 1062 2457; x_wconf 89' lang='lat' dir='ltr'>tot</span> <span class='ocrx_word' id='word_1_375' title='bbox 1091 2433 1274 2457; x_wconf 89' lang='lat' dir='ltr'>annorum</span> <span class='ocrx_word' id='word_1_376' title='bbox 1296 2420 1451 2455; x_wconf 83' lang='lat' dir='ltr'>felicita-</span> 
     </span>
     <span class='ocr_line' id='line_1_51' title="bbox 175 2470 1446 2517; baseline 0.002 -11"><span class='ocrx_word' id='word_1_377' title='bbox 175 2476 286 2506; x_wconf 85' lang='lat' dir='ltr'>“tem</span> <span class='ocrx_word' id='word_1_378' title='bbox 308 2470 344 2506; x_wconf 91' lang='lat' dir='ltr'>in</span> <span class='ocrx_word' id='word_1_379' title='bbox 367 2470 478 2507; x_wconf 90' lang='lat' dir='ltr'>unius</span> <span class='ocrx_word' id='word_1_380' title='bbox 498 2470 596 2507; x_wconf 83' lang='lat' dir='ltr'>horae</span> <span class='ocrx_word' id='word_1_381' title='bbox 617 2472 764 2508; x_wconf 87' lang='lat' dir='ltr'>dederis</span> <span class='ocrx_word' id='word_1_382' title='bbox 794 2474 1009 2509; x_wconf 85' lang='lat' dir='ltr'>discrimen.</span> <span class='ocrx_word' id='word_1_383' title='bbox 1065 2472 1199 2511; x_wconf 77' lang='lat' dir='ltr'>Quum</span> <span class='ocrx_word' id='word_1_384' title='bbox 1228 2479 1310 2508; x_wconf 88' lang='lat' dir='ltr'>tuas</span> <span class='ocrx_word' id='word_1_385' title='bbox 1340 2471 1446 2517; x_wconf 73' lang='lat' dir='ltr'>vires,</span> 
     </span>
    </p>
   </div>
  </div>
 </body>
</html>
