1617 2765
197 222 272 261 118
734 221 824 252 T1T1
850 221 959 252 mvn

247 317 442 355 XXXVI.
489 317 595 355 Mitis
628 316 778 365 legatio,
799 317 837 353 ni
858 317 1081 365 praeferoces
1102 317 1257 367 legatos,
1288 317 1481 367 Gallisque

195 370 316 419 magis
344 371 456 418 quam
487 369 673 406 Romanis
693 369 847 412 similes,
866 369 1083 406 habuisset:
1113 371 1262 418 quibus,
1284 378 1480 419 postquam

196 423 372 459 mandata
391 423 592 458 ediderunt
622 421 659 457 in
689 421 852 458 concilio
871 422 1081 465 Gallorum,
1103 423 1211 459 datur
1240 435 1480 471 responsum:

197 481 220 497 ⁶⁶
236 475 317 511 Etsi
336 487 474 511 novum
495 486 633 511 nomen
651 474 807 510 audiant
824 474 1099 518 Romanorum,
1118 482 1242 511 tamen
1260 475 1415 511 credere
1432 475 1482 510 vi-

196 533 220 550 ⁶⁶
234 540 293 563 ros
315 527 427 563 fortes
446 539 542 569 esse,
562 538 719 574 quorum
742 526 923 562 auxilium
944 539 965 562 a
980 526 1148 563 Clusinis
1165 527 1202 563 in
1218 540 1258 563 re
1274 527 1417 575 trepida
1435 527 1482 563 sit
1511 539 1527 564 5

196 579 472 627 “imploratum
492 592 499 615 :
529 586 578 622 et,
599 578 776 627 quoniam
797 578 984 627 legatione
1002 579 1180 615 adversus
1207 591 1246 616 se
1267 579 1481 624 maluerint,

196 638 219 655 ‘⁶
235 632 346 679 quam
368 631 493 674 armis,
515 631 611 667 tueri
631 630 766 673 socios,
785 643 831 666 ne
845 643 884 667 se
896 631 1047 679 quidem
1068 644 1212 680 pacem,
1233 644 1345 679 quam
1363 631 1414 667 illi
1431 630 1483 667 as-

195 683 368 729 ⁶⁶ferant‚
388 683 619 732 adspernari,
651 683 681 719 si
711 683 843 729 Gallis,
873 684 1073 732 egentibus
1100 696 1202 732 agro,
1223 696 1337 732 quem
1366 683 1483 720 latius

195 742 219 758 ⁶⁶
234 736 451 784 possideant
468 736 579 783 quam
601 735 727 771 colant
747 734 910 778 Clusini,
933 743 1074 783 partem
1096 736 1228 772 finium
1245 736 1481 772 concedant:

196 787 341 823 “aliter
360 800 492 836 pacem
528 787 719 835 impetrari
753 799 829 822 non
850 799 970 835 posse.
1028 787 1077 824 Et
1105 800 1325 836 responsum
1355 800 1482 824 coram
1499 799 1528 824 10

195 846 218 861 ⁶⁶
233 839 422 875 Romanis
442 839 616 888 accipere
633 838 727 874 velle
745 851 754 874 z
783 846 833 885 et,
851 839 881 875 si
902 846 1062 888 negetur
1077 852 1179 889 ager,
1200 852 1327 876 coram
1349 839 1482 876 iisdem

196 898 220 914 ⁶⁶
235 891 422 928 Romanis
435 891 691 934 dimicaturos,
706 898 747 927 ut
762 891 937 927 nuntiare
950 892 1104 928 domum
1117 899 1281 940 possent,
1296 892 1483 940 quantitm

195 949 220 966 ⁶⁶
233 943 332 980 Galli
353 944 488 980 virtute
509 951 666 981 caeteros
685 943 860 980 mortales
879 944 1137 992 praestarent.’'
1179 950 1202 967 ‘⁶
1216 943 1423 983 Quodnam
1445 944 1483 980 id

195 996 290 1044 “jus
309 1003 422 1039 esset,
443 1008 574 1045 agrum
596 1009 617 1031 a
636 996 913 1044 possessoribus
929 1004 1070 1044 petere,
1088 1004 1152 1033 aut
1169 996 1302 1032 minari
1320 997 1480 1032 arma'l”

193 1047 381 1084 Romanis
410 1048 679 1096 quaerentibus,
709 1055 759 1091 et,
796 1055 819 1070 ⁶⁶
837 1048 924 1096 quid
946 1048 984 1084 in
1014 1049 1167 1085 Etruria
1195 1048 1248 1085 rei
1278 1048 1397 1085 Gallis
1425 1061 1482 1085 es-

195 1107 218 1123 ⁶⁶
232 1108 289 1136 set
305 1102 319 1135 ⁰.
334 1100 357 1116 ''
387 1113 503 1149 quum
524 1100 590 1146 illi,
622 1107 645 1123 ‘⁶
659 1113 699 1136 se
721 1100 757 1136 in
780 1101 892 1136 armis
917 1101 979 1149 jus
999 1101 1108 1144 ferre,
1129 1108 1167 1137 et
1185 1100 1312 1137 omnia
1332 1101 1481 1137 fortium
1498 1115 1528 1139 15

195 1158 218 1174 ⁶⁶
233 1152 395 1189 virorum
415 1152 538 1196 esse,'’
560 1152 734 1189 ferociter
750 1153 934 1199 dicerent,
955 1153 1128 1189 accensis
1144 1154 1329 1201 utrimque
1346 1154 1482 1190 animis

193 1204 240 1240 ad
270 1217 375 1240 arma
404 1204 637 1249 discurritur,
668 1211 705 1240 et
737 1204 910 1253 proelium
937 1206 1160 1242 conseritur.
1217 1205 1288 1250 Ibi,
1315 1205 1391 1254 jam
1424 1218 1482 1241 ur-

193 1256 372 1305 gentibus
401 1257 618 1293 Romanam
648 1256 779 1293 urbem
811 1256 905 1302 satis,
936 1257 1049 1306 legati
1071 1265 1202 1295 contra
1230 1257 1291 1306 jus
1310 1257 1481 1306 gentium

194 1321 299 1345 arma
317 1308 494 1358 capiunt:
538 1321 611 1345 nec
646 1309 681 1345 id
712 1309 808 1345 clam
840 1322 923 1345 esse
952 1310 1082 1358 potuit,
1112 1323 1228 1358 quum
1257 1317 1344 1346 ante
1374 1310 1483 1358 signa

193 1360 441 1398 Etruscorum
462 1369 537 1398 tres
557 1361 779 1398 nobilissimi
807 1361 1073 1410 fortissimique
1106 1362 1320 1400 Romanae
1307 1370 1527 1412 juventu-20

193 1413 240 1449 tis
272 1421 511 1463 pugnarent:
558 1413 705 1450 tantum
735 1413 927 1450 eminebat
957 1416 1158 1464 peregrina
1190 1415 1316 1452 virtus.
1372 1414 1482 1454 Quin

192 1466 306 1503 etiam
326 1466 378 1506 Q.
401 1467 554 1511 Fabius,
585 1476 739 1504 evectus
758 1474 863 1504 extra
892 1467 1014 1505 aciem
1047 1481 1156 1518 equo,
1186 1468 1324 1505 ducem
1357 1467 1483 1505 Gallo-

192 1535 287 1567 rum,
310 1521 484 1558 ferociter
518 1521 556 1557 in
587 1520 666 1569 ipsa
698 1520 808 1569 signa
837 1520 1083 1557 Etruscorum
1117 1521 1387 1565 incursantem,
1418 1533 1482 1568 per

192 1575 290 1611 latus
327 1574 547 1610 transfixum
578 1573 698 1619 hasta,
737 1573 903 1609 occidit:
951 1573 1142 1621 spoliaque
1181 1573 1262 1621 ejus
1290 1572 1480 1620 legentem

192 1626 291 1664 Galli
322 1627 534 1675 agnovere3
581 1637 721 1674 perque
751 1632 867 1661 totam
901 1625 1035 1670 aciem,
1066 1625 1285 1661 Romanum
1315 1624 1527 1672 legatum&

193 1692 293 1722 esse,
315 1679 464 1727 signum
486 1678 615 1714 datum
635 1684 702 1713 est.
760 1677 914 1713 Omissa
945 1677 1033 1713 inde
1055 1678 1092 1713 in
1120 1677 1298 1714 Clusinos
1329 1676 1395 1722 ira,
1426 1689 1482 1713 re-

194 1731 320 1780 ceptui
353 1737 509 1777 canunt,
541 1730 729 1766 minantes
762 1729 962 1766 Romanis.
1020 1729 1151 1773 Erant,
1185 1729 1247 1778 qui
1290 1729 1482 1789 extemplo

195 1784 361 1820 Romam
381 1783 551 1819 eundum
572 1788 794 1818 censerent:
837 1781 963 1818 vicere
983 1782 1164 1825 seniores,
1186 1788 1226 1818 ut
1244 1781 1356 1830 legati
1378 1780 1482 1829 prius

195 1836 433 1872 mitterentur
459 1843 633 1883 questum
672 1834 839 1882 injurias,
872 1834 1187 1883 postulatumque,
1225 1841 1276 1879 ut,
1307 1846 1373 1882 pro
1397 1833 1482 1882 jure

194 1888 367 1937 gentium
397 1887 546 1934 violato,
568 1886 677 1922 Fabii
700 1887 940 1922 dederentur.
998 1886 1131 1935 Legati
1152 1886 1346 1923 Gallorum
1365 1898 1480 1933 quum
1494 1897 1526 1921 πο

193 1953 252 1987 ea,
282 1940 381 1976 sicut
408 1946 516 1975 erant
535 1917 724 1984 mandata,
756 1938 1029 1986 exposuissent,
1060 1938 1207 1974 senatui
1238 1950 1310 1973 nec
1339 1937 1482 1974 sactum

194 1992 369 2041 placebat
404 1990 622 2036 Fabiorum,
659 1997 696 2026 et
733 1989 795 2038 jus
834 1989 1021 2037 postulare
1055 1990 1202 2026 barbari
1231 1989 1455 2026 videbantur
1473 2002 1481 2026 :

195 2045 273 2090 sed,
313 2057 360 2081 ne
391 2043 442 2087 id,
471 2043 569 2092 quod
598 2042 784 2091 placebat,
817 2042 1040 2078 decerneret
1073 2042 1110 2078 in
1131 2049 1246 2078 tantae
1276 2041 1482 2078 nobilitatis

195 2097 296 2143 viris,
318 2096 472 2133 ambitio
491 2095 674 2133 obstabat.
732 2094 877 2142 Itaque,
907 2106 955 2130 ne
984 2106 1101 2142 penes
1120 2094 1220 2143 ipsos
1252 2093 1364 2142 culpa
1383 2102 1483 2130 esset

196 2149 315 2185 cladis
336 2149 428 2185 sorte
447 2148 596 2185 Gallico
616 2147 714 2184 bello
733 2154 912 2205 acceptae,
934 2146 1191 2195 cognitionem
1211 2147 1259 2183 de
1288 2146 1482 2195 postulatis
1495 2158 1527 2182 35

196 2201 390 2238 Gallorum
411 2201 458 2237 ad
478 2200 657 2250 populum
679 2199 881 2249 rejiciunt·
872 2226 882 2242 ,
924 2199 987 2235 ubi
1014 2196 1116 2235 tanto
1132 2197 1216 2248 plus
1231 2198 1353 2248 gratia
1372 2205 1528 2246 atque—

196 2265 286 2302 opes
307 2254 470 2300 valuere,
491 2260 543 2300 ut,
564 2264 721 2311 quorum
742 2252 789 2287 de
809 2263 921 2300 poena
941 2251 1135 2300 agebatur,
1158 2251 1297 2288 tribuni
1318 2250 1480 2287 militum
1503 2241 1521 2298 Ξ

198 2305 388 2342 consulari
409 2312 590 2353 potestate
611 2304 648 2340 in
671 2304 931 2352 insequentem
953 2316 1095 2340 annum
1116 2311 1347 2340 crearentur.
1390 2301 1511 2341 Quo
1504 2322 1528 2338 ω

198 2358 310 2401 sacto,
333 2357 433 2393 haud
453 2369 564 2393 secus
583 2369 696 2405 quam
716 2356 873 2404 dignum
904 2362 994 2402 erat,
1029 2355 1166 2392 infensi
1195 2355 1308 2401 Galli,
1341 2354 1510 2391 bellum·

197 2409 388 2460 propalam
410 2409 610 2453 minantes,
631 2409 677 2444 ad
699 2421 786 2444 suos
805 2408 973 2445 redeunt
1030 2408 1195 2445 Tribuni
1214 2408 1375 2444 militum
1395 2418 1510 2443 cum.
1504 2411 1520 2426 >

198 2463 316 2499 tribus
337 2461 466 2498 Fabiis
486 2461 602 2498 creati
622 2460 674 2499 Ω
697 2460 888 2509 Sulpicius
910 2460 1076 2510 Longus,
1097 2460 1150 2501 Q.
1172 2459 1353 2497 Servilius
1375 2471 1512 2508 quar-·
1505 2453 1529 2523 ἐ

198 2516 289 2562 tum,
310 2515 390 2552 Ser.
412 2514 613 2551 Cornelius
634 2512 922 2562 Maluginensis.
1497 2524 1529 2563 Ξ
