1617 2765
580 195 718 227 LIBER
744 194 806 226 ΙΙΙ.
835 203 1000 225 CAP.L11.
1391 199 1441 236 97

156 296 262 340 citui,
301 292 431 344 viginti
468 291 629 329 tribunis
672 290 832 327 militum
872 289 1067 339 negotium
1097 289 1294 336 dederunt,
1327 299 1366 329 ut
1395 305 1441 330 ex

156 362 224 386 Suo
260 359 416 385 numero
448 345 542 381 duos
574 351 760 390 crearent,
790 357 853 392 qui
883 355 1040 379 summae
1071 355 1192 378 rerum
1223 352 1439 390 praeessent.

154 400 398 448 M.Oppium,
413 397 500 434 Sex.
519 396 718 433 Manilium
734 403 876 432 creant.
908 395 1050 441 Patres,
1064 394 1213 432 solliciti
1230 395 1276 430 de
1292 399 1441 434 summa

151 465 290 498 rerum,
310 463 425 500 quum
455 456 609 486 senatus
641 449 806 496 quotidie
840 455 952 491 esset,
983 447 1119 496 jurgiis
1151 447 1288 497 saepius
1314 455 1441 486 terunt

121 511 309 553 ⁵tempus,
329 503 440 552 quam
462 501 642 539 consiliis.
699 501 817 537 Siccii
838 501 963 537 caedes
991 500 1228 545 decemviris,
1257 508 1295 536 et
1324 501 1441 549 Appi-

150 569 223 593 ana
258 556 388 598 libido,
425 562 463 591 et
491 555 680 591 dedecora
722 553 863 590 militize
883 553 1171 601 objiciebantur.
1247 552 1438 600 Placebat,

149 608 344 645 Valerium
364 608 640 654 Horatiumque
671 606 723 642 ire
745 606 782 642 in
804 607 1040 642 Aventinum
1058 618 1066 640 z
1116 605 1167 642 illi
1189 605 1380 655 negabant
1400 620 1439 643 se

148 661 255 697 aliter
275 661 404 707 ituros,
424 659 535 708 quam
557 659 585 695 si
620 658 824 695 decemviri
855 659 1089 707 deponerent
1108 657 1273 707 iusignia
1302 660 1439 707 magis-

146 714 263 750 tratus
282 713 376 762 ejus,
411 725 485 761 quo
518 724 618 748 anno
647 711 724 760 jam
746 710 831 747 antc-
852 711 1030 747 abissent.
1090 711 1319 758 Decemviri,
1350 724 1440 759 que-

105 774 134 798 10
148 773 272 802 rentes
309 778 348 802 se
386 764 424 801 in
456 765 626 802 ordinem
657 763 757 812 cogi,
787 777 863 800 non
893 763 991 809 ante,
1026 763 1139 812 quam
1168 764 1320 812 perlatis
1349 764 1438 813 legi-

147 818 229 861 bus,
259 831 418 866 quarum
451 817 568 854 causa
597 817 714 853 creati
742 824 882 860 essent,
903 816 1139 865 deposituros
1168 816 1367 866 imperium
1398 829 1437 853 se

147 870 312 907 aiebant.

198 974 287 1011 LII.
335 974 407 1012 Per
427 975 484 1011 M.
506 974 691 1021 Duilium,
721 974 783 1022 qui
804 974 978 1012 tribunus
1005 975 1124 1023 plebis
1145 974 1277 1018 fuerat,
1300 976 1436 1012 certior

147 1026 247 1063 sacta
266 1027 384 1076 plebs,
405 1027 714 1064 contentionibus
734 1027 896 1063 assiduis
912 1026 1006 1063 nihil
1025 1027 1192 1076 transigi,
1214 1027 1252 1063 in
1274 1028 1435 1064 Sacrum

102 1088 131 1113 15
144 1086 310 1116 montem
329 1092 377 1116 ex
397 1080 588 1116 Aventino
608 1079 763 1124 transit;
794 1079 1005 1116 affirmante
1019 1079 1162 1123 Duilio,
1184 1084 1208 1103 “
1222 1092 1297 1116 non
1318 1079 1433 1129 prius,

143 1135 167 1155 “
181 1132 293 1180 quam
317 1132 438 1169 deseri
459 1132 601 1169 Urbem
622 1132 786 1177 videant,
818 1145 948 1168 curam
970 1132 1008 1168 in
1030 1133 1176 1168 animos
1196 1132 1350 1169 Parrum
1371 1133 1435 1169 de-

142 1190 396 1222 “scensuram
415 1198 423 1221 :
471 1184 753 1221 admoniturum
792 1185 953 1221 Sacrum
997 1193 1164 1222 montem
1207 1186 1433 1222 constantiae

143 1239 167 1259 ‘⁶
181 1237 325 1285 plebis:
372 1237 544 1281 scituros,
574 1236 677 1286 quod
706 1238 788 1274 sine
830 1238 1003 1274 restituta
1031 1245 1214 1287 potestate
1244 1238 1364 1287 redigi
1394 1238 1431 1275 in

143 1292 167 1312 “
181 1290 422 1326 concordiam
452 1303 512 1326 res
540 1290 770 1338 nequeant.”
847 1290 920 1326 Via
957 1290 1201 1327 Nomentana
1237 1290 1318 1340 (cui
1351 1298 1430 1327 turn

95 1349 128 1375 20
144 1340 337 1379 Ficulensi
357 1355 496 1379 nomen
517 1342 604 1392 fuit)
625 1343 795 1391 profecti,
817 1350 940 1379 castra
973 1343 1010 1379 in
1043 1351 1169 1380 monte
1195 1344 1313 1380 Sacro
1332 1343 1432 1380 loca-

141 1392 228 1430 vere
246 1407 256 1438 3
287 1395 510 1432 modestiam
529 1402 676 1444 patrum
694 1408 845 1432 suorum
867 1395 960 1431 nibil
982 1396 1156 1432 violando
1177 1396 1321 1433 imitati.
1364 1397 1432 1433 Se-

140 1453 229 1483 cuta
247 1448 454 1484 exercitum
475 1447 594 1496 plebs,
615 1448 729 1493 nullo,
760 1448 822 1496 qui
853 1461 919 1496 per
948 1456 1095 1484 {etatem
1131 1448 1184 1484 ire
1217 1456 1355 1497 posset,
1376 1462 1432 1485 re—

139 1505 336 1536 tractante.
393 1500 677 1548 Prosequuntur
711 1500 895 1549 conjuges
927 1500 1125 1549 liberique,
1165 1505 1188 1524 “
1206 1501 1360 1538 cuinam
1390 1514 1430 1538 se

138 1551 429 1600 “relinquerent
449 1552 486 1588 in
507 1553 553 1588 ea
573 1552 678 1599 urbe,
700 1553 736 1588 in
758 1553 830 1601 qua
864 1565 936 1589 nec
957 1553 1153 1601 pudicitia,
1184 1566 1256 1590 nec
1277 1554 1430 1590 libertas

92 1605 163 1635 25⁶⁶
176 1611 308 1640 sancta
335 1605 476 1648 esset‚''
506 1605 767 1642 miserabiliter
788 1606 1006 1654 rogitantes.
1063 1605 1197 1645 Quum
1229 1614 1332 1643 vasta
1352 1607 1430 1644 Ro-

138 1667 208 1690 mae
227 1657 356 1693 omnia
377 1657 524 1694 insueta
555 1657 717 1694 solitudo
751 1658 914 1703 fecisset,
949 1658 987 1694 in
1020 1658 1098 1695 foro
1124 1666 1259 1707 praeter
1288 1672 1429 1708 paucos

138 1708 328 1745 seniorum
349 1722 461 1746 nemo
489 1717 618 1753 esset,
649 1710 790 1746 vocatis
811 1711 940 1758 utique
971 1711 1008 1746 in
1043 1718 1217 1747 senatum
1239 1711 1426 1757 Patribus,

137 1759 328 1798 desertum
348 1762 582 1810 apparuisset
601 1762 721 1798 sorum
739 1775 746 1806 3
791 1762 916 1811 plures
932 1763 1023 1811 jam,
1045 1762 1158 1810 quarn
1180 1763 1362 1800 Horatius
1390 1772 1429 1801 et

137 1811 324 1856 Valerius,
346 1814 659 1859 vociferabantur,
692 1818 715 1837 “
729 1814 838 1853 Quid
871 1815 1153 1864 exspectabitis,
1189 1815 1319 1852 Patres
1339 1829 1429 1853 con-

90 1865 332 1914 :30“scripti‘l
389 1867 430 1903 Si
460 1866 666 1903 decemviri
686 1867 799 1903 finem
830 1867 1048 1915 pertinaciae
1079 1880 1154 1904 non
1189 1868 1346 1912 faciunt,
1367 1882 1428 1905 ru-

136 1920 162 1939 aa
175 1929 239 1954 ere
259 1930 304 1955 ac
324 1918 534 1968 deflagrare
552 1919 681 1955 omnia
700 1919 844 1967 passuri
865 1920 986 1956 estis?
1040 1919 1159 1959 Quod
1179 1928 1305 1957 autem
1327 1921 1425 1958 istud

134 1969 374 2019 “imperium
406 1979 475 2018 est,
505 1971 724 2015 decemviri,
758 1972 857 2020 quod
884 1972 1045 2021 amplexi
1066 1973 1234 2010 tenetis?
1293 1973 1427 2011 Tectis

133 2023 215 2058 “ac
243 2024 449 2072 parietibus
490 2024 576 2073 jura
617 2024 754 2060 dicturi
775 2025 893 2061 estis‘.l
969 2025 1059 2061 Non
1090 2026 1219 2074 pudet,
1250 2026 1426 2063 lictorum

133 2079 373 2113 “vestrorum
394 2076 574 2125 majorem
595 2075 709 2125 prope
730 2089 932 2114 numerum
950 2077 987 2114 in
1009 2077 1088 2115 foro
1107 2079 1292 2127 conspici,
1313 2080 1425 2127 quam

88 2136 121 2161 35
134 2131 155 2145 “
169 2133 378 2176 togatorum
416 2129 679 2177 aliorumque?
751 2129 873 2173 Quid,
908 2130 938 2166 si
959 2131 1085 2167 hostes
1104 2131 1149 2168 ad
1171 2132 1303 2168 urbem
1324 2132 1426 2168 veni-

135 2180 159 2200 “
173 2186 249 2225 ant,
270 2180 403 2218 facturi
423 2181 542 2218 estis?
584 2182 687 2230 quid,
708 2181 738 2218 si
759 2182 864 2231 plebs
885 2195 985 2229 mox,
1006 2183 1068 2219 ubi
1091 2196 1222 2232 parum
1244 2184 1425 2221 secessio-

134 2231 159 2251 “
174 2243 220 2266 ne
251 2244 479 2281 moveamur,
519 2242 662 2271 armata
704 2235 830 2271 veniat
849 2236 864 2271 'l
937 2235 1142 2272 Occasune
1182 2237 1285 2273 urbis
1315 2237 1425 2274 vultis

137 2288 161 2304 ‘⁴
177 2282 283 2319 finire
300 2284 529 2333 imperium!
589 2286 703 2335 Atqui
735 2294 799 2323 aut
831 2287 937 2336 plebs
969 2301 1044 2324 non
1065 2295 1122 2325 est
1151 2289 1340 2336 habenda,
1360 2297 1424 2326 aut

137 2335 341 2372 “habendi
371 2344 458 2374 sunt
490 2338 630 2375 tribuni
661 2339 791 2387 plebis.
848 2340 931 2377 Nos
964 2339 1078 2377 citius
1096 2342 1332 2379 caruerimus
1360 2355 1424 2391 pa-

89 2399 121 2424 ›10
136 2389 161 2410 ‘⁴
177 2387 294 2424 triciis
313 2389 602 2437 magistratibus,
636 2391 749 2439 quam
783 2392 834 2429 illi
856 2392 1023 2442 plebejis.
1081 2393 1228 2431 Novam
1250 2394 1422 2442 inexper-

133 2443 323 2488 “tamque
343 2453 426 2477 eam
447 2448 667 2490 potestatem
687 2444 858 2492 eripuere
877 2446 1046 2494 patribus
1065 2447 1214 2490 nostris,
1236 2460 1284 2482 ne
1304 2458 1420 2492 nunc,

134 2492 378 2530 “dulcedine
398 2494 514 2530 semel
549 2495 660 2543 capti,
691 2496 812 2533 serant
840 2498 1069 2535 desiderium
1089 2511 1095 2534 :
1134 2512 1247 2547 quum
1268 2511 1422 2547 praeser·

503 2546 528 2583 9
