1617 2765
573 194 707 226 LIBER
730 193 842 224 XXII.
875 202 954 224 CAP.
980 203 1052 223 Lxx.
1400 193 1474 231 201

193 294 326 333 tendit.
382 292 554 330 Dictator
572 302 620 326 ex
648 288 870 325 auctoritate
897 287 1050 324 Patrum
1081 285 1206 322 dictus
1241 285 1294 321 Μ.
1324 286 1476 330 Junius,

194 355 232 384 et
251 347 315 384 Ti.
337 342 583 393 Sempronius
603 341 780 390 magister
800 340 983 389 equitum,
1005 338 1156 375 delectu
1186 337 1325 381 edicto,
1356 339 1480 387 junio·

192 412 252 436 res
280 399 327 435 ab
356 397 466 433 annis
494 393 781 444 septemdecim,
822 400 859 429 et
887 391 1070 441 quosdam
1100 397 1353 438 praetextatos,
1391 391 1481 427 scri-

192 452 307 488 bunt:
336 456 494 498 quatuor
513 460 560 484 ex
580 447 638 483 his
657 446 827 495 legiones
846 452 884 482 et
903 444 1006 480 mille
1022 443 1168 491 equites
1188 442 1326 479 affecti.
1383 442 1480 479 Item

162 515 178 539 5
192 503 238 540 ad
260 503 382 540 socios
402 500 657 547 Latinumque
678 511 831 543 nomen,
864 497 911 533 ad
933 496 1071 533 milites
1091 508 1138 531 ex
1159 494 1320 532 formula
1340 495 1481 543 accipi-

191 556 323 598 endos,
344 554 524 597 mittunt3
568 564 684 594 arma,
720 551 807 593 tela,
842 550 915 586 alia
948 548 1071 598 parari
1088 547 1252 597 jubent3
1299 553 1337 583 et
1357 554 1483 583 vetera

192 608 355 645 hostium
376 605 494 654 spolia
522 605 727 641 detrahunt
753 603 903 651 templis
936 601 1229 650 porticibusque.
1287 599 1337 636 Et
1371 599 1482 635 aliam

192 660 349 696 formam
370 659 456 695 novi
476 657 645 694 delectus
666 656 793 704 inopia
825 655 1030 692 liberorum
1064 653 1230 702 capitum
1252 665 1297 688 ac
1318 652 1484 688 necessi-

192 719 249 749 tas
267 712 394 748 dedit:
423 717 509 747 octo
529 709 647 746 millia
662 709 846 758 juvenum
876 707 1084 743 validorum
1115 718 1162 742 ex
1181 705 1355 747 servitiis,
1375 704 1485 753 prius

149 775 178 800 10
192 764 430 801 sciscitantes
450 762 630 811 singulos,
665 761 854 797 vellentne
889 759 1064 805 militare,
1095 765 1222 807 empta
1251 757 1402 806 publice
1429 769 1483 793 ar·-

193 823 401 853 maverunt.
459 815 537 852 Hic
557 814 665 850 miles
686 814 806 863 magis
822 812 977 862 placuit,
991 824 1106 860 quum
1127 811 1247 860 pretio
1263 810 1408 847 minore
1429 822 1486 846 re-

193 869 362 906 dimendi
383 868 549 918 captivos
569 867 679 916 copia
697 866 814 903 fieret.

246 974 393 1011 LVIII.
424 973 602 1021 Namque
623 971 831 1018 Hannibal,
852 970 1064 1007 secundum
1085 976 1162 1006 tam
1190 981 1408 1018 prosperam
1438 969 1485 1005 ad

193 1026 348 1063 Cannas
376 1038 557 1075 pugnam,
587 1024 738 1061 victoris
759 1024 893 1072 magis,
921 1022 1036 1070 quam
1066 1022 1207 1058 bellum
1227 1021 1407 1070 gerentisss
1430 1021 1487 1057 in-

149 1093 180 1117 15
193 1086 320 1116 tentus
340 1078 454 1122 curis,
475 1090 604 1126 quum,
627 1076 784 1125 captivis
814 1074 1009 1125 productis
1029 1074 1326 1124 segregatisque,
1348 1072 1485 1119 socios,

194 1132 293 1168 sicut
312 1131 398 1168 ante
428 1131 475 1167 ad
495 1130 679 1166 Trebiam
701 1129 1048 1175 Trasimenumque
1079 1127 1219 1173 lacum,
1243 1126 1413 1175 benigne
1436 1125 1487 1161 al-

194 1184 357 1227 locutus,
375 1183 457 1220 sine
489 1182 610 1232 pretio
639 1181 868 1226 dimisisset3
916 1181 1114 1217 Romanos
1147 1191 1298 1228 quoque
1332 1185 1487 1215 vocatos

197 1236 310 1284 (quod
330 1248 523 1284 nunquam
545 1234 636 1271 alias
657 1236 787 1283 antea)
819 1233 909 1270 satis
944 1232 1021 1269 miti
1053 1244 1228 1268 sermone
1261 1231 1484 1279 alloquitur:

211 1288 324 1325 ‘Non
357 1287 638 1324 interneciuum
669 1286 740 1322 sibi
770 1299 853 1322 esse
884 1299 972 1322 curn
1003 1284 1187 1322 Romanis
1224 1283 1391 1320 bellum:
1439 1283 1486 1319 de

149 1353 182 1379 20
197 1347 220 1364 “
235 1341 418 1390 dignitate
440 1347 550 1388 atque
570 1338 730 1387 imperio
751 1345 908 1375 certare.
966 1338 1015 1374 Et
1034 1344 1160 1386 patres
1186 1336 1313 1373 virtuti
1345 1336 1488 1373 Roma·

197 1400 294 1429 “nae
323 1392 507 1436 cessisse3
537 1399 574 1428 et
593 1404 632 1428 se
654 1391 692 1427 id
712 1391 846 1434 anniti,
874 1398 915 1427 ut
934 1403 1011 1427 suae
1041 1389 1205 1426 invicem
1237 1388 1348 1425 simul
1371 1387 1488 1424 felici-

196 1445 301 1482 “tati
321 1452 359 1482 et
378 1444 504 1481 virtuti
524 1444 693 1480 cedatur.
751 1443 883 1491 Itaque
904 1442 1116 1479 redimendi
1146 1454 1186 1478 se
1207 1441 1365 1490 captivis
1386 1440 1488 1488 copi-

196 1503 220 1520 “
235 1510 296 1534 am
334 1497 460 1533 facere
483 1509 490 1533 :
536 1496 699 1546 pretium
738 1495 815 1532 fore
852 1495 891 1532 in
935 1495 1072 1543 capita,
1109 1493 1226 1542 equiti
1274 1493 1488 1542 quingenos

196 1555 220 1573 “
234 1549 476 1599 quadrigatos
513 1561 701 1594 nummos,
739 1555 914 1584 trecenos
961 1547 1091 1596 pediti,
1140 1559 1247 1583 servo
1291 1544 1486 1582 centum.”

149 1616 182 1640 25
194 1601 439 1650 Quamquam
460 1601 695 1650 aliquantum
716 1600 965 1650 adjiciebatur
980 1599 1170 1648 equitibus
1184 1599 1231 1635 ad
1252 1598 1289 1635 id
1310 1597 1486 1647 pretium,

195 1654 294 1702 qnod
331 1654 555 1702 pepigerant
593 1653 777 1689 dedentes
815 1665 854 1689 se
876 1666 884 1697 ;
932 1652 1010 1688 laeti
1047 1660 1175 1688 tamen
1204 1662 1485 1700 quamcumque

196 1706 456 1743 conditionem
475 1705 696 1754 paciscendi
716 1711 959 1753 acceperunt.
1018 1704 1166 1740 Placuit
1186 1703 1366 1751 suffragio
1394 1702 1490 1751 ipso-

196 1771 279 1795 rum
308 1759 443 1795 decem
477 1758 606 1806 deligi,
635 1758 699 1805 qui
739 1757 905 1793 Romam
946 1757 992 1793 ad
1032 1763 1205 1792 senatum
1244 1755 1367 1791 irent:
1416 1766 1489 1791 nee

196 1811 335 1860 pignus
355 1810 457 1847 aliud
478 1810 579 1853 fidei,
601 1809 713 1858 quam
734 1816 775 1846 ut
790 1809 962 1858 jurarent
994 1821 1034 1845 se
1055 1808 1254 1853 redituros,
1275 1813 1488 1855 acceptum.

152 1880 184 1906 80
198 1863 340 1900 Missus
371 1875 460 1900 cum
490 1863 548 1898 his
576 1862 756 1899 Carthalo
782 1862 920 1898 nobilis
949 1860 1305 1909 Carthaginiensis3
1346 1859 1422 1906 qui,
1458 1858 1489 1895 si

197 1916 290 1953 forte
306 1915 353 1952 ad
373 1927 507 1964 pacem
528 1914 758 1951 inclinarent
777 1914 934 1959 animos,
949 1913 1186 1950 conditiones
1200 1912 1323 1948 ferret.
1353 1911 1489 1950 Quum

196 1968 339 2017 egressi
359 1968 493 2004 castris
512 1973 650 2012 essent,
672 1979 771 2002 unus
790 1979 835 2002 ex
868 1966 926 2012 iis,
956 1966 1112 2002 minime
1144 1964 1313 2001 Romani
1344 1963 1490 2013 ingenii

197 2021 323 2064 homo,
338 2020 439 2057 velut
452 2020 591 2068 aliquid
608 2019 758 2064 oblitus,
777 2018 1024 2067 jurisjurandi
1054 2017 1224 2054 solvendi
1240 2017 1356 2054 causa
1372 2028 1489 2064 quum

198 2073 237 2110 in
258 2080 383 2109 castra
401 2072 571 2115 redisset,
593 2078 680 2108 ante
701 2078 851 2107 noctem
873 2071 1032 2107 comites
1052 2070 1274 2119 assequitur.
1331 2068 1405 2105 Ubi
1426 2081 1491 2105 eos

153 2143 186 2168 35
200 2125 364 2162 Romam
386 2124 515 2161 venire
535 2124 750 2160 nuntiatum
771 2130 840 2167 est,
863 2123 1084 2160 Carthaloni
1104 2123 1252 2159 obviam
1273 2122 1381 2158 lictor
1401 2120 1490 2157 mis-

199 2190 274 2222 sus,
295 2177 357 2226 qui
377 2176 572 2213 dictatoris
591 2176 714 2213 verbis
734 2176 938 2220 nuntiaret,
969 2183 1010 2213 ut
1040 2182 1127 2212 ante
1158 2182 1311 2212 noctem
1330 2173 1491 2211 excede-

200 2237 257 2267 ret
275 2229 415 2266 finibus
433 2228 634 2266 Romanis.

255 2333 364 2371 LIX.
393 2333 547 2383 Legatis
567 2334 798 2382 captivorum
821 2341 975 2371 senatus
995 2333 1042 2370 ab
1072 2333 1256 2370 dictatore
1289 2333 1400 2368 datus
1420 2338 1489 2367 est.

200 2387 378 2427 Quorum
397 2386 586 2435 princeps,
616 2386 671 2422 M.
692 2386 844 2434 Junius,
876 2386 1045 2423 “Patres
1079 2385 1326 2433 conscripti‚’'
1356 2383 1488 2431 inquit,

158 2459 190 2484 40
205 2447 228 2463 ‘⁴
244 2452 355 2476 nemo
375 2440 541 2475 nostrum
562 2438 722 2487 ignorat,
744 2440 835 2476 nulli
857 2452 1024 2487 unquam
1045 2438 1187 2475 civitati
1210 2437 1357 2473 viliores
1375 2434 1490 2470 fuisse

205 2492 423 2541 “captiVOS‚
453 2490 566 2540 quam
596 2498 745 2528 nostrae.
803 2492 1014 2539 Caeterslm,
1044 2491 1116 2527 nisi
1150 2489 1259 2527 nobis
1278 2486 1361 2537 pliis
1389 2487 1490 2536 justo
