1617 2765
169 213 243 250 194
690 209 780 240 'rm
804 210 909 239 mvn

168 305 256 343 alibi
276 305 447 368 pertinax
467 305 505 342 in
526 305 622 341 mala
647 305 724 354 jam
755 318 820 353 spe
850 305 1019 353 proelium
1047 312 1166 350 esset;
1214 305 1444 352 Hasdrubal,

167 358 229 406 qui
257 370 303 394 ea
331 365 435 407 parte
467 364 636 406 praeerat,
667 357 872 393 subductos
901 369 949 393 ex
978 357 1104 393 media
1133 357 1214 393 acie
1243 356 1443 402 Numidas,

167 410 255 458 quia
273 410 401 468 segnis
419 422 548 446 eorum
568 421 656 445 cum
676 409 842 445 adversis
866 421 994 457 pugna
1020 416 1111 454 erat,
1142 410 1188 444 ad
1218 421 1446 457 persequen-

168 463 234 498 dos
266 462 405 511 passim
436 461 624 521 fugientes
657 460 790 497 mittit:
838 461 1029 509 Hispanos
1059 468 1096 497 et
1131 461 1258 497 Gallos
1287 461 1445 509 pedites,

164 514 241 563 jam
264 514 366 550 Afris
384 513 495 562 prope
517 512 624 549 fessis
643 513 747 549 ccede
768 513 888 562 magis
906 525 1019 561 quam
1038 525 1181 562 pugna,
1202 512 1384 561 adjungit.
1475 522 1491 546 5

219 617 367 655 XLIX.
398 617 508 654 Parte
528 616 645 653 altera
663 630 799 666 pugnae
821 617 971 661 Paulus,
990 629 1215 665 quamquam
1238 616 1358 665 primo
1377 623 1449 652 sta-

168 670 233 706 tim
272 670 403 719 proelio
432 669 547 705 funda
584 669 745 717 graviter
774 669 872 705 ictus
901 669 1034 715 fuerat,
1063 676 1190 705 tamen
1219 676 1256 705 et
1283 668 1449 705 occurrit

167 735 265 770 saepe
286 734 374 758 curn
393 721 572 758 confertis
601 720 823 766 Hannibali,
855 727 892 757 et
922 721 1061 768 aliquot
1089 721 1183 757 locis
1201 720 1373 769 proelium
1393 732 1448 756 re-

167 774 298 816 stituit,
328 773 612 822 protegentibus
640 785 727 809 eum
746 772 934 820 equitibus
954 772 1140 808 Romanis
1157 785 1166 815 3
1201 772 1348 808 omissis
1367 784 1449 820 pos-

166 825 287 862 tremo
307 825 425 873 equis,
444 825 532 873 quia
551 824 746 861 consulem
765 834 803 861 et
823 824 868 860 ad
889 825 1094 873 regendum
1117 836 1254 872 equum
1271 824 1367 860 vires
1385 824 1449 860 de·
1465 835 1493 860 ιο

167 877 358 914 ficiebant.
414 877 517 913 Tun]
538 876 778 914 denuntianti
803 877 968 923 cuidam,
994 876 1149 924 jussisse
1178 876 1372 912 consulem
1402 876 1449 912 ad

166 930 282 978 pedes
327 929 560 966 descendere
603 929 760 977 equites,
806 929 945 965 dixisse
994 928 1249 965 Hannibalem
1296 928 1447 964 ferunt:

168 981 336 1021 “Quam
357 981 520 1028 mallem,
541 981 685 1018 vinctos
716 981 806 1017 mihi
840 981 1060 1017 traderet!''
1118 980 1297 1028 Equitum
1319 980 1450 1029 pedes-

167 1042 223 1070 tre
242 1034 429 1082 proelium‚
450 1033 558 1081 quale
587 1033 665 1081 jam
695 1033 795 1069 haud
829 1033 943 1069 dubia
977 1032 1139 1069 hostium
1161 1033 1327 1079 victoria,
1357 1032 1448 1075 fuit,

167 1099 282 1133 quum
303 1085 390 1122 victi
411 1086 504 1121 mori
524 1085 562 1121 in
584 1085 740 1134 vestigio
759 1084 925 1126 mallent,
945 1084 1056 1132 quzim
1077 1084 1207 1133 fugere
1224 1097 1234 1128 3
1277 1084 1447 1129 victores,
1465 1097 1494 1121 15

168 1137 403 1174 morantibus
433 1137 626 1173 victoriam
655 1137 750 1181 irati,
788 1137 1035 1179 trucidarent,
1075 1149 1167 1184 quos
1203 1136 1343 1184 pellere
1372 1149 1448 1173 non

166 1196 351 1238 poterant.
409 1189 640 1237 Pepulerunt
659 1195 785 1224 tamen
801 1188 877 1236 jam
908 1200 1050 1236 paucos
1079 1196 1313 1236 superanteS,
1345 1196 1383 1224 et
1401 1188 1451 1224 la-

169 1242 257 1278 bore
278 1254 322 1277 ac
343 1240 560 1277 vulneribus
579 1239 707 1276 fessos.
751 1240 846 1276 Inde
866 1239 1035 1288 dissipati
1054 1252 1186 1276 omnes
1205 1247 1305 1286 sunt,
1321 1252 1451 1288 equos-

169 1307 242 1342 que
263 1294 309 1330 ad
331 1293 471 1342 fugam,
490 1292 553 1341 qui
571 1299 757 1341 poterant,
786 1291 1018 1340 repetebant.
1074 1291 1146 1328 Cn.
1170 1291 1368 1339 Lentulus,
1388 1292 1451 1328 tri-

170 1347 294 1382 bunus
313 1345 487 1388 militum,
507 1357 635 1393 quum,
662 1344 940 1392 praetervehens
957 1356 1066 1391 equo,
1086 1343 1283 1379 sedentem
1303 1343 1342 1380 in
1362 1357 1450 1381 saxo
1463 1356 1495 1380 20

170 1411 302 1435 cruore
331 1397 520 1446 oppletum
551 1396 745 1433 consulem
776 1396 954 1439 vidisset3
1000 1399 1025 1418 “
1042 1395 1085 1431 L.
1106 1395 1277 1442 AEmili,”
1317 1396 1450 1444 inquit,

171 1456 318 1498 “quem
340 1462 456 1486 unum
477 1449 664 1486 insontem
685 1448 805 1496 culpae
827 1448 945 1484 cladis
965 1447 1158 1484 hodiernae
1179 1447 1242 1484 Dii
1264 1449 1450 1496 respicere

170 1506 195 1526 ‘4
208 1502 361 1547 debent,
381 1514 475 1549 cape
495 1501 598 1537 hunc
617 1513 769 1548 equum,
799 1500 890 1536 dum
909 1507 947 1535 et
966 1499 1032 1535 tibi
1066 1499 1201 1535 virium
1234 1499 1373 1547 aliquid
1393 1512 1452 1535 su-

171 1558 353 1602 “perest:
399 1565 527 1590 comes
559 1565 631 1601 ego
659 1560 695 1588 te
724 1552 853 1588 tollere
882 1564 1033 1600 possum
1063 1563 1108 1587 ac
1138 1558 1358 1600 protegere:
1403 1564 1451 1587 ne

172 1606 396 1642 “funestam
426 1605 525 1641 hanc
553 1617 717 1653 pugnam
748 1611 864 1640 morte
907 1602 1073 1640 consulis
1112 1602 1258 1638 feceris.
1327 1603 1496 1639 Etiames

173 1662 196 1680 ‘⁶
210 1658 291 1693 sine
312 1658 395 1702 hoc,
415 1657 665 1705 lacrymarum
686 1656 775 1692 satis
791 1655 986 1713 luctusque
1002 1662 1070 1691 est.
1073 1655 1094 1671 '’
1150 1654 1213 1690 Ad
1233 1666 1279 1691 ea
1298 1655 1452 1691 consul:

173 1709 272 1745 “Tu
293 1709 457 1757 quidem,
478 1708 550 1744 Cn
570 1708 738 1752 Corneli,
770 1714 891 1744 macte
921 1707 1055 1743 virtute
1088 1704 1192 1743 esto!
1250 1707 1326 1743 Sed
1345 1719 1451 1750 cave,

172 1761 346 1797 “frustra
378 1760 604 1805 miserando,
633 1760 813 1808 exiguum
850 1766 998 1817 tempus
1026 1771 1047 1794 e
1077 1758 1250 1795 manibus
1290 1759 1453 1795 hostium

175 1819 199 1836 ‘ss
213 1812 399 1849 evadendi
419 1812 607 1848 absumas.
663 1812 752 1854 Abi,
773 1811 908 1848 nuntia
927 1810 1079 1858 publice
1100 1810 1288 1854 Patribus,
1321 1811 1452 1847 urbem

174 1865 427 1901 “Romanam
446 1864 632 1906 muniant,
653 1877 698 1900 ac
718 1862 831 1912 prius,
862 1861 976 1911 quam
996 1862 1111 1898 hostis
1132 1862 1247 1898 victor
1266 1862 1452 1905 adveniat,
1466 1873 1499 1898 3ο

175 1916 396 1964 “praesidiis
436 1915 612 1952 firment:
657 1915 903 1963 privatimque
938 1913 991 1952 Q.
1021 1913 1152 1958 Fabio,
1182 1913 1226 1950 L.
1255 1913 1454 1950 AEmiliuin

175 1972 486 2015 “praeceptorum
514 1967 595 2014 ejus
624 1978 829 2002 memorem
857 1973 894 2001 et
923 1964 1072 2008 vixisse,
1114 1973 1152 2001 et
1193 1965 1318 2002 adhuc
1347 1966 1453 2002 mori.

175 2023 200 2043 ‘⁶
213 2019 278 2056 Me
299 2019 338 2055 in
358 2019 428 2055 hac
447 2025 570 2066 strage
590 2018 749 2055 militum
771 2029 939 2053 meorum
960 2024 1086 2064 patere
1098 2017 1301 2065 exspirare,
1322 2030 1370 2054 ne
1391 2027 1454 2054 aut

176 2076 199 2094 “-
215 2084 300 2107 reus
320 2071 453 2107 iterum
473 2083 494 2106 e
514 2070 711 2106 consulatu
731 2069 815 2112 sim,
850 2075 914 2105 aut
943 2076 1140 2105 accusator
1166 2069 1320 2118 collegae
1340 2070 1455 2106 exsis-

176 2128 304 2166 “tam‚
334 2130 375 2159 ut
402 2122 525 2159 alieno
566 2122 724 2159 crimine
763 2120 1019 2157 innocentiam
1059 2133 1182 2157 meam
1222 2128 1427 2170 protegam.
1431 2122 1500 2157 ”³5

177 2175 274 2211 H‘ec
293 2174 502 2223 exigentes,
522 2173 623 2222 prius
642 2173 750 2210 turba.
778 2172 1002 2230 fugientium
1031 2172 1185 2219 civium,
1205 2173 1343 2210 deinde
1372 2173 1456 2211 hos-

177 2234 245 2269 tes,
282 2227 521 2274 oppressere.
566 2226 772 2269 consulem,
804 2224 1019 2273 ignorantes
1046 2225 1130 2272 quis
1158 2232 1270 2271 esset,
1297 2226 1455 2262 obruere

177 2278 282 2314 telis.
311 2277 515 2314 Lentulum
534 2278 630 2314 inter
651 2277 850 2314 tumultum
871 2276 1033 2324 abripuit
1050 2289 1180 2325 equus.
1236 2277 1340 2314 Tum
1367 2277 1454 2314 inde

178 2329 295 2366 effuse
327 2329 488 2378 fugiunt.
546 2330 699 2378 Septem
720 2328 836 2366 millia
857 2328 1080 2365 hominum
1073 2341 1110 2365 in
1140 2328 1286 2366 minora
1315 2337 1454 2376 castra,

179 2382 311 2418 decem
333 2381 372 2417 in
391 2381 546 2430 majora,
578 2381 652 2417 duo
682 2381 799 2417 ferme
820 2380 856 2416 in
886 2380 1011 2416 vicum
1040 2381 1161 2429 ipsum
1191 2381 1345 2418 Cannas
1374 2394 1455 2429 per·
1469 2392 1499 2416 40

179 2433 378 2482 fugerunt3
406 2433 468 2481 qui
488 2433 674 2481 extemplo
690 2446 711 2469 a
730 2431 962 2470 Carthalone
992 2445 1101 2480 atque
1132 2433 1331 2481 equitibus,
1353 2433 1455 2469 nullo

179 2486 415 2522 munimento
459 2493 610 2534 tegente
661 2485 797 2530 vicum,
844 2485 1092 2521 circumventi
1138 2492 1236 2521 sunt.
1311 2484 1455 2521 Consul
