<?xml version="1.0" encoding="UTF-8"?>
<!DOCTYPE html PUBLIC "-//W3C//DTD XHTML 1.0 Transitional//EN"
    "http://www.w3.org/TR/xhtml1/DTD/xhtml1-transitional.dtd">
<html xmlns="http://www.w3.org/1999/xhtml" xml:lang="en" lang="en">
 <head>
  <title>
</title>
<meta http-equiv="Content-Type" content="text/html;charset=utf-8" />
  <meta name='ocr-system' content='tesseract 3.04.00' />
  <meta name='ocr-capabilities' content='ocr_page ocr_carea ocr_par ocr_line ocrx_word'/>
</head>
<body>
  <div class='ocr_page' id='page_1' title='image "./historiarumliber00livyuoft_0195.png"; bbox 0 0 1617 2765; ppageno 0'>
   <div class='ocr_carea' id='block_1_1' title="bbox 582 182 1465 219">
    <p class='ocr_par' dir='ltr' id='par_1_1' title="bbox 582 182 1465 219">
     <span class='ocr_line' id='line_1_1' title="bbox 582 182 1465 219; baseline 0 -5"><span class='ocrx_word' id='word_1_1' title='bbox 582 183 718 215; x_wconf 88' lang='lat' dir='ltr'><strong>LIBER</strong></span> <span class='ocrx_word' id='word_1_2' title='bbox 739 183 834 213; x_wconf 89' lang='lat' dir='ltr'>XXI.</span> <span class='ocrx_word' id='word_1_3' title='bbox 862 191 942 214; x_wconf 77' lang='lat' dir='ltr'>CAP.</span> <span class='ocrx_word' id='word_1_4' title='bbox 959 191 1064 213; x_wconf 83' lang='lat' dir='ltr'>xvm.</span> <span class='ocrx_word' id='word_1_5' title='bbox 1390 182 1465 219; x_wconf 87' lang='grc'>177</span> 
     </span>
    </p>
   </div>
   <div class='ocr_carea' id='block_1_2' title="bbox 143 274 1467 1105">
    <p class='ocr_par' dir='ltr' id='par_1_2' title="bbox 143 274 1467 1105">
     <span class='ocr_line' id='line_1_2' title="bbox 189 274 1464 325; baseline -0.007 -4"><span class='ocrx_word' id='word_1_6' title='bbox 189 282 294 320; x_wconf 81' lang='lat' dir='ltr'>Inter</span> <span class='ocrx_word' id='word_1_7' title='bbox 313 281 488 320; x_wconf 89' lang='lat' dir='ltr'>consules</span> <span class='ocrx_word' id='word_1_8' title='bbox 516 278 566 316; x_wconf 81' lang='lat' dir='ltr'>ita</span> <span class='ocrx_word' id='word_1_9' title='bbox 586 277 704 325; x_wconf 85' lang='lat' dir='ltr'>copiae</span> <span class='ocrx_word' id='word_1_10' title='bbox 737 277 887 313; x_wconf 83' lang='lat' dir='ltr'>divisae:</span> <span class='ocrx_word' id='word_1_11' title='bbox 938 274 1162 323; x_wconf 90' lang='lat' dir='ltr'>Sempronio</span> <span class='ocrx_word' id='word_1_12' title='bbox 1181 274 1277 310; x_wconf 86' lang='lat' dir='ltr'>datae</span> <span class='ocrx_word' id='word_1_13' title='bbox 1295 274 1464 323; x_wconf 84' lang='lat' dir='ltr'>legiones</span> 
     </span>
     <span class='ocr_line' id='line_1_3' title="bbox 189 326 1463 384; baseline -0.008 -12"><span class='ocrx_word' id='word_1_14' title='bbox 189 335 273 372; x_wconf 83' lang='lat' dir='ltr'>duae</span> <span class='ocrx_word' id='word_1_15' title='bbox 294 335 357 384; x_wconf 74' lang='lat' dir='ltr'>(ea</span> <span class='ocrx_word' id='word_1_16' title='bbox 374 339 553 382; x_wconf 87' lang='lat' dir='ltr'>quaterna</span> <span class='ocrx_word' id='word_1_17' title='bbox 571 330 687 365; x_wconf 83' lang='lat' dir='ltr'>millia</span> <span class='ocrx_word' id='word_1_18' title='bbox 706 335 812 364; x_wconf 86' lang='lat' dir='ltr'>erant</span> <span class='ocrx_word' id='word_1_19' title='bbox 831 327 1011 376; x_wconf 90' lang='lat' dir='ltr'>peditum,</span> <span class='ocrx_word' id='word_1_20' title='bbox 1041 333 1078 362; x_wconf 92' lang='lat' dir='ltr'>et</span> <span class='ocrx_word' id='word_1_21' title='bbox 1107 326 1266 362; x_wconf 85' lang='lat' dir='ltr'>trecenti</span> <span class='ocrx_word' id='word_1_22' title='bbox 1286 327 1463 377; x_wconf 84' lang='lat' dir='ltr'>equites),</span> 
     </span>
     <span class='ocr_line' id='line_1_4' title="bbox 188 377 1465 428; baseline -0.009 -5"><span class='ocrx_word' id='word_1_23' title='bbox 188 394 226 423; x_wconf 92' lang='lat' dir='ltr'>et</span> <span class='ocrx_word' id='word_1_24' title='bbox 244 387 428 422; x_wconf 90' lang='lat' dir='ltr'>sociorum</span> <span class='ocrx_word' id='word_1_25' title='bbox 449 381 640 419; x_wconf 82' lang='lat' dir='ltr'>sexdecim</span> <span class='ocrx_word' id='word_1_26' title='bbox 660 380 776 416; x_wconf 88' lang='lat' dir='ltr'>millia</span> <span class='ocrx_word' id='word_1_27' title='bbox 794 379 976 428; x_wconf 87' lang='lat' dir='ltr'>peditum,</span> <span class='ocrx_word' id='word_1_28' title='bbox 993 378 1137 426; x_wconf 85' lang='lat' dir='ltr'>equites</span> <span class='ocrx_word' id='word_1_29' title='bbox 1153 377 1254 413; x_wconf 87' lang='lat' dir='ltr'>mille</span> <span class='ocrx_word' id='word_1_30' title='bbox 1269 378 1465 426; x_wconf 88' lang='lat' dir='ltr'>octingen-</span> 
     </span>
     <span class='ocr_line' id='line_1_5' title="bbox 188 429 1463 483; baseline -0.009 -8"><span class='ocrx_word' id='word_1_31' title='bbox 188 438 237 474; x_wconf 87' lang='lat' dir='ltr'>ti:</span> <span class='ocrx_word' id='word_1_32' title='bbox 267 449 380 474; x_wconf 83' lang='lat' dir='ltr'>naves</span> <span class='ocrx_word' id='word_1_33' title='bbox 394 436 515 483; x_wconf 86' lang='lat' dir='ltr'>longae</span> <span class='ocrx_word' id='word_1_34' title='bbox 535 442 686 470; x_wconf 87' lang='lat' dir='ltr'>centum</span> <span class='ocrx_word' id='word_1_35' title='bbox 709 431 914 479; x_wconf 82' lang='lat' dir='ltr'>sexaginta,</span> <span class='ocrx_word' id='word_1_36' title='bbox 935 430 1085 466; x_wconf 86' lang='lat' dir='ltr'>celoces</span> <span class='ocrx_word' id='word_1_37' title='bbox 1104 429 1317 466; x_wconf 88' lang='lat' dir='ltr'>duodecim.</span> <span class='ocrx_word' id='word_1_38' title='bbox 1366 431 1463 466; x_wconf 89' lang='lat' dir='ltr'>Cum</span> 
     </span>
     <span class='ocr_line' id='line_1_6' title="bbox 159 481 1465 531; baseline -0.005 -9"><span class='ocrx_word' id='word_1_39' title='bbox 159 490 246 526; x_wconf 86' lang='lat' dir='ltr'>5his</span> <span class='ocrx_word' id='word_1_40' title='bbox 264 487 499 525; x_wconf 81' lang='lat' dir='ltr'>terrestribus</span> <span class='ocrx_word' id='word_1_41' title='bbox 531 484 799 531; x_wconf 87' lang='lat' dir='ltr'>maritimisque</span> <span class='ocrx_word' id='word_1_42' title='bbox 828 483 946 531; x_wconf 87' lang='lat' dir='ltr'>copiis</span> <span class='ocrx_word' id='word_1_43' title='bbox 979 481 1040 518; x_wconf 88' lang='lat' dir='ltr'>Ti.</span> <span class='ocrx_word' id='word_1_44' title='bbox 1064 481 1310 529; x_wconf 87' lang='lat' dir='ltr'>Sempronius</span> <span class='ocrx_word' id='word_1_45' title='bbox 1330 481 1465 517; x_wconf 81' lang='lat' dir='ltr'>missus</span> 
     </span>
     <span class='ocr_line' id='line_1_7' title="bbox 187 533 1464 582; baseline -0.007 -5"><span class='ocrx_word' id='word_1_46' title='bbox 187 541 224 577; x_wconf 93' lang='lat' dir='ltr'>in</span> <span class='ocrx_word' id='word_1_47' title='bbox 246 540 440 582; x_wconf 80' lang='lat' dir='ltr'>Siciliam3</span> <span class='ocrx_word' id='word_1_48' title='bbox 483 539 535 574; x_wconf 90' lang='lat' dir='ltr'>ita</span> <span class='ocrx_word' id='word_1_49' title='bbox 553 537 591 573; x_wconf 91' lang='lat' dir='ltr'>in</span> <span class='ocrx_word' id='word_1_50' title='bbox 611 536 782 572; x_wconf 87' lang='lat' dir='ltr'>Africam</span> <span class='ocrx_word' id='word_1_51' title='bbox 802 534 1101 579; x_wconf 86' lang='lat' dir='ltr'>transmissurus,</span> <span class='ocrx_word' id='word_1_52' title='bbox 1131 534 1161 569; x_wconf 89' lang='lat' dir='ltr'>si</span> <span class='ocrx_word' id='word_1_53' title='bbox 1192 533 1238 569; x_wconf 85' lang='lat' dir='ltr'>ad</span> <span class='ocrx_word' id='word_1_54' title='bbox 1259 533 1464 569; x_wconf 87' lang='lat' dir='ltr'>arcendum</span> 
     </span>
     <span class='ocr_line' id='line_1_8' title="bbox 188 585 1467 629; baseline -0.007 0"><span class='ocrx_word' id='word_1_55' title='bbox 188 592 297 629; x_wconf 71' lang='lat' dir='ltr'>Italia</span> <span class='ocrx_word' id='word_1_56' title='bbox 326 591 484 628; x_wconf 85' lang='lat' dir='ltr'>Poenum</span> <span class='ocrx_word' id='word_1_57' title='bbox 504 588 635 626; x_wconf 92' lang='lat' dir='ltr'>consul</span> <span class='ocrx_word' id='word_1_58' title='bbox 656 587 747 624; x_wconf 84' lang='lat' dir='ltr'>alter</span> <span class='ocrx_word' id='word_1_59' title='bbox 766 586 856 622; x_wconf 87' lang='lat' dir='ltr'>satis</span> <span class='ocrx_word' id='word_1_60' title='bbox 881 593 991 622; x_wconf 84' lang='lat' dir='ltr'>esset.</span> <span class='ocrx_word' id='word_1_61' title='bbox 1048 585 1227 621; x_wconf 88' lang='lat' dir='ltr'>Cornelio</span> <span class='ocrx_word' id='word_1_62' title='bbox 1259 585 1384 621; x_wconf 91' lang='lat' dir='ltr'>minus</span> <span class='ocrx_word' id='word_1_63' title='bbox 1403 597 1467 621; x_wconf 92' lang='lat' dir='ltr'>co-</span> 
     </span>
     <span class='ocr_line' id='line_1_9' title="bbox 186 636 1466 692; baseline -0.007 -11"><span class='ocrx_word' id='word_1_64' title='bbox 186 644 331 692; x_wconf 90' lang='lat' dir='ltr'>piarum</span> <span class='ocrx_word' id='word_1_65' title='bbox 351 643 493 686; x_wconf 79' lang='lat' dir='ltr'>datum,</span> <span class='ocrx_word' id='word_1_66' title='bbox 512 641 599 690; x_wconf 89' lang='lat' dir='ltr'>quia</span> <span class='ocrx_word' id='word_1_67' title='bbox 618 640 662 676; x_wconf 93' lang='lat' dir='ltr'>L.</span> <span class='ocrx_word' id='word_1_68' title='bbox 684 638 850 675; x_wconf 86' lang='lat' dir='ltr'>Manlius</span> <span class='ocrx_word' id='word_1_69' title='bbox 868 645 1013 687; x_wconf 81' lang='lat' dir='ltr'>praetor,</span> <span class='ocrx_word' id='word_1_70' title='bbox 1033 644 1071 673; x_wconf 89' lang='lat' dir='ltr'>et</span> <span class='ocrx_word' id='word_1_71' title='bbox 1089 637 1167 685; x_wconf 89' lang='lat' dir='ltr'>ipse</span> <span class='ocrx_word' id='word_1_72' title='bbox 1188 649 1275 673; x_wconf 88' lang='lat' dir='ltr'>curn</span> <span class='ocrx_word' id='word_1_73' title='bbox 1290 637 1389 673; x_wconf 87' lang='lat' dir='ltr'>haud</span> <span class='ocrx_word' id='word_1_74' title='bbox 1410 636 1466 673; x_wconf 91' lang='lat' dir='ltr'>in-</span> 
     </span>
     <span class='ocr_line' id='line_1_10' title="bbox 185 689 1465 743; baseline -0.005 -13"><span class='ocrx_word' id='word_1_75' title='bbox 185 696 308 732; x_wconf 89' lang='lat' dir='ltr'>valido</span> <span class='ocrx_word' id='word_1_76' title='bbox 339 694 524 743; x_wconf 70' lang='lat' dir='ltr'>praesidio,</span> <span class='ocrx_word' id='word_1_77' title='bbox 558 693 595 729; x_wconf 93' lang='lat' dir='ltr'>in</span> <span class='ocrx_word' id='word_1_78' title='bbox 617 691 776 728; x_wconf 87' lang='lat' dir='ltr'>Galliam</span> <span class='ocrx_word' id='word_1_79' title='bbox 810 691 1036 727; x_wconf 84' lang='lat' dir='ltr'>mittebatur.</span> <span class='ocrx_word' id='word_1_80' title='bbox 1106 689 1270 725; x_wconf 86' lang='lat' dir='ltr'>Navium</span> <span class='ocrx_word' id='word_1_81' title='bbox 1301 689 1465 725; x_wconf 67' lang='lat' dir='ltr'>maxime</span> 
     </span>
     <span class='ocr_line' id='line_1_11' title="bbox 143 741 1465 791; baseline -0.007 -6"><span class='ocrx_word' id='word_1_82' title='bbox 143 754 172 780; x_wconf 90' lang='lat'>10</span> <span class='ocrx_word' id='word_1_83' title='bbox 186 747 361 784; x_wconf 87' lang='lat' dir='ltr'>Cornelio</span> <span class='ocrx_word' id='word_1_84' title='bbox 381 759 560 782; x_wconf 88' lang='lat' dir='ltr'>numerus</span> <span class='ocrx_word' id='word_1_85' title='bbox 575 745 793 781; x_wconf 86' lang='lat' dir='ltr'>deminutus</span> <span class='ocrx_word' id='word_1_86' title='bbox 809 755 818 777; x_wconf 74' lang='grc' dir='ltr'>ε</span> <span class='ocrx_word' id='word_1_87' title='bbox 848 741 1046 791; x_wconf 81' lang='lat' dir='ltr'>sexaginta</span> <span class='ocrx_word' id='word_1_88' title='bbox 1060 741 1350 790; x_wconf 87' lang='lat' dir='ltr'>quinqueremes</span> <span class='ocrx_word' id='word_1_89' title='bbox 1370 741 1465 777; x_wconf 73' lang='lat' dir='ltr'>datm</span> 
     </span>
     <span class='ocr_line' id='line_1_12' title="bbox 188 793 1465 847; baseline -0.006 -11"><span class='ocrx_word' id='word_1_90' title='bbox 188 798 328 847; x_wconf 90' lang='lat' dir='ltr'>(neque</span> <span class='ocrx_word' id='word_1_91' title='bbox 348 799 450 835; x_wconf 88' lang='lat' dir='ltr'>enim</span> <span class='ocrx_word' id='word_1_92' title='bbox 469 799 562 834; x_wconf 90' lang='lat' dir='ltr'>mari</span> <span class='ocrx_word' id='word_1_93' title='bbox 584 803 794 841; x_wconf 87' lang='lat' dir='ltr'>venturum,</span> <span class='ocrx_word' id='word_1_94' title='bbox 820 802 883 831; x_wconf 88' lang='lat' dir='ltr'>aut</span> <span class='ocrx_word' id='word_1_95' title='bbox 902 795 948 830; x_wconf 73' lang='lat' dir='ltr'>ea</span> <span class='ocrx_word' id='word_1_96' title='bbox 967 801 1070 842; x_wconf 87' lang='lat' dir='ltr'>parte</span> <span class='ocrx_word' id='word_1_97' title='bbox 1092 793 1177 830; x_wconf 90' lang='lat' dir='ltr'>belli</span> <span class='ocrx_word' id='word_1_98' title='bbox 1197 793 1465 829; x_wconf 86' lang='lat' dir='ltr'>dimicaturum</span> 
     </span>
     <span class='ocr_line' id='line_1_13' title="bbox 186 845 1466 899; baseline -0.006 -11"><span class='ocrx_word' id='word_1_99' title='bbox 186 852 330 888; x_wconf 89' lang='lat' dir='ltr'>hostem</span> <span class='ocrx_word' id='word_1_100' title='bbox 351 850 574 899; x_wconf 88' lang='lat' dir='ltr'>credebant)</span> <span class='ocrx_word' id='word_1_101' title='bbox 596 856 633 885; x_wconf 89' lang='lat' dir='ltr'>et</span> <span class='ocrx_word' id='word_1_102' title='bbox 652 849 736 884; x_wconf 81' lang='lat' dir='ltr'>duae</span> <span class='ocrx_word' id='word_1_103' title='bbox 756 847 942 884; x_wconf 73' lang='lat' dir='ltr'>Romanae</span> <span class='ocrx_word' id='word_1_104' title='bbox 971 846 1140 895; x_wconf 79' lang='lat' dir='ltr'>legiones</span> <span class='ocrx_word' id='word_1_105' title='bbox 1159 858 1246 882; x_wconf 88' lang='lat' dir='ltr'>cum</span> <span class='ocrx_word' id='word_1_106' title='bbox 1267 858 1335 881; x_wconf 89' lang='lat' dir='ltr'>suo</span> <span class='ocrx_word' id='word_1_107' title='bbox 1365 845 1466 894; x_wconf 86' lang='lat' dir='ltr'>justo</span> 
     </span>
     <span class='ocr_line' id='line_1_14' title="bbox 186 898 1467 951; baseline -0.005 -12"><span class='ocrx_word' id='word_1_108' title='bbox 186 904 364 951; x_wconf 84' lang='lat' dir='ltr'>equitatu,</span> <span class='ocrx_word' id='word_1_109' title='bbox 394 910 432 939; x_wconf 90' lang='lat' dir='ltr'>et</span> <span class='ocrx_word' id='word_1_110' title='bbox 458 901 741 950; x_wconf 86' lang='lat' dir='ltr'>quatuordecim</span> <span class='ocrx_word' id='word_1_111' title='bbox 771 899 934 935; x_wconf 88' lang='lat' dir='ltr'>millibus</span> <span class='ocrx_word' id='word_1_112' title='bbox 953 899 1139 934; x_wconf 89' lang='lat' dir='ltr'>sociorum</span> <span class='ocrx_word' id='word_1_113' title='bbox 1160 898 1342 946; x_wconf 89' lang='lat' dir='ltr'>peditum,</span> <span class='ocrx_word' id='word_1_114' title='bbox 1363 898 1467 945; x_wconf 89' lang='lat' dir='ltr'>equi-</span> 
     </span>
     <span class='ocr_line' id='line_1_15' title="bbox 186 949 1462 998; baseline -0.005 -7"><span class='ocrx_word' id='word_1_115' title='bbox 186 955 287 992; x_wconf 89' lang='lat' dir='ltr'>tibus</span> <span class='ocrx_word' id='word_1_116' title='bbox 323 955 424 991; x_wconf 90' lang='lat' dir='ltr'>mille</span> <span class='ocrx_word' id='word_1_117' title='bbox 452 953 652 990; x_wconf 84' lang='lat' dir='ltr'>sexcentis.</span> <span class='ocrx_word' id='word_1_118' title='bbox 709 952 814 987; x_wconf 87' lang='lat' dir='ltr'>Duas</span> <span class='ocrx_word' id='word_1_119' title='bbox 833 950 1001 998; x_wconf 86' lang='lat' dir='ltr'>legiones</span> <span class='ocrx_word' id='word_1_120' title='bbox 1021 950 1230 995; x_wconf 87' lang='lat' dir='ltr'>Romanas,</span> <span class='ocrx_word' id='word_1_121' title='bbox 1261 957 1298 985; x_wconf 91' lang='lat' dir='ltr'>et</span> <span class='ocrx_word' id='word_1_122' title='bbox 1329 949 1462 985; x_wconf 88' lang='lat' dir='ltr'>decem</span> 
     </span>
     <span class='ocr_line' id='line_1_16' title="bbox 143 1001 1464 1052; baseline -0.006 -9"><span class='ocrx_word' id='word_1_123' title='bbox 143 1013 174 1038; x_wconf 89' lang='lat'>15</span> <span class='ocrx_word' id='word_1_124' title='bbox 187 1006 303 1042; x_wconf 90' lang='lat' dir='ltr'>millia</span> <span class='ocrx_word' id='word_1_125' title='bbox 330 1006 517 1042; x_wconf 89' lang='lat' dir='ltr'>sociorum</span> <span class='ocrx_word' id='word_1_126' title='bbox 546 1004 726 1052; x_wconf 73' lang='lat' dir='ltr'>pediturn,</span> <span class='ocrx_word' id='word_1_127' title='bbox 766 1002 866 1038; x_wconf 84' lang='lat' dir='ltr'>mille</span> <span class='ocrx_word' id='word_1_128' title='bbox 896 1002 1041 1049; x_wconf 88' lang='lat' dir='ltr'>equites</span> <span class='ocrx_word' id='word_1_129' title='bbox 1083 1001 1217 1043; x_wconf 89' lang='lat' dir='ltr'>socios,</span> <span class='ocrx_word' id='word_1_130' title='bbox 1261 1008 1464 1036; x_wconf 85' lang='lat' dir='ltr'>sexcentos</span> 
     </span>
     <span class='ocr_line' id='line_1_17' title="bbox 187 1051 1465 1105; baseline -0.006 -10"><span class='ocrx_word' id='word_1_131' title='bbox 187 1059 382 1095; x_wconf 89' lang='lat' dir='ltr'>Romanos</span> <span class='ocrx_word' id='word_1_132' title='bbox 401 1057 524 1094; x_wconf 86' lang='lat' dir='ltr'>Gallia</span> <span class='ocrx_word' id='word_1_133' title='bbox 551 1055 755 1105; x_wconf 85' lang='lat' dir='ltr'>provincia,</span> <span class='ocrx_word' id='word_1_134' title='bbox 785 1054 919 1091; x_wconf 89' lang='lat' dir='ltr'>eodem</span> <span class='ocrx_word' id='word_1_135' title='bbox 952 1065 1052 1089; x_wconf 87' lang='lat' dir='ltr'>anno</span> <span class='ocrx_word' id='word_1_136' title='bbox 1084 1064 1191 1089; x_wconf 83' lang='lat' dir='ltr'>versa</span> <span class='ocrx_word' id='word_1_137' title='bbox 1219 1052 1257 1088; x_wconf 92' lang='lat' dir='ltr'>in</span> <span class='ocrx_word' id='word_1_138' title='bbox 1279 1051 1465 1088; x_wconf 86' lang='lat' dir='ltr'>Punicum</span> 
     </span>
    </p>
   </div>
   <div class='ocr_carea' id='block_1_3' title="bbox 188 1109 504 1154">
    <p class='ocr_par' dir='ltr' id='par_1_3' title="bbox 188 1109 504 1154">
     <span class='ocr_line' id='line_1_18' title="bbox 188 1109 504 1154; baseline -0.006 -7"><span class='ocrx_word' id='word_1_139' title='bbox 188 1110 340 1154; x_wconf 88' lang='lat' dir='ltr'>bellum,</span> <span class='ocrx_word' id='word_1_140' title='bbox 362 1109 504 1146; x_wconf 88' lang='lat' dir='ltr'>habuit.</span> 
     </span>
    </p>
   </div>
   <div class='ocr_carea' id='block_1_4' title="bbox 142 1211 1472 2515">
    <p class='ocr_par' dir='ltr' id='par_1_4' title="bbox 142 1211 1472 2461">
     <span class='ocr_line' id='line_1_19' title="bbox 241 1211 1464 1268; baseline -0.005 -12"><span class='ocrx_word' id='word_1_141' title='bbox 241 1216 395 1256; x_wconf 89' lang='lat' dir='ltr'><strong>XVIII.</strong></span> <span class='ocrx_word' id='word_1_142' title='bbox 442 1216 514 1256; x_wconf 84' lang='lat' dir='ltr'>His</span> <span class='ocrx_word' id='word_1_143' title='bbox 533 1215 584 1256; x_wconf 86' lang='lat' dir='ltr'>ita</span> <span class='ocrx_word' id='word_1_144' title='bbox 602 1213 839 1268; x_wconf 79' lang='lat' dir='ltr'>comparatis,</span> <span class='ocrx_word' id='word_1_145' title='bbox 861 1222 900 1254; x_wconf 85' lang='lat' dir='ltr'>ut</span> <span class='ocrx_word' id='word_1_146' title='bbox 932 1213 1061 1254; x_wconf 77' lang='lat' dir='ltr'>omnia</span> <span class='ocrx_word' id='word_1_147' title='bbox 1089 1212 1189 1266; x_wconf 83' lang='lat' dir='ltr'>justa</span> <span class='ocrx_word' id='word_1_148' title='bbox 1215 1220 1302 1252; x_wconf 88' lang='lat' dir='ltr'>ante</span> <span class='ocrx_word' id='word_1_149' title='bbox 1323 1211 1464 1251; x_wconf 88' lang='lat' dir='ltr'>bellum</span> 
     </span>
     <span class='ocr_line' id='line_1_20' title="bbox 189 1267 1464 1320; baseline -0.004 -13"><span class='ocrx_word' id='word_1_150' title='bbox 189 1270 332 1316; x_wconf 85' lang='lat' dir='ltr'>fierent,</span> <span class='ocrx_word' id='word_1_151' title='bbox 370 1271 512 1320; x_wconf 87' lang='lat' dir='ltr'>legatos</span> <span class='ocrx_word' id='word_1_152' title='bbox 547 1271 706 1319; x_wconf 83' lang='lat' dir='ltr'>majores</span> <span class='ocrx_word' id='word_1_153' title='bbox 752 1278 855 1313; x_wconf 90' lang='lat' dir='ltr'>natu,</span> <span class='ocrx_word' id='word_1_154' title='bbox 903 1269 956 1309; x_wconf 79' lang='lat' dir='ltr'>Q.</span> <span class='ocrx_word' id='word_1_155' title='bbox 994 1269 1169 1311; x_wconf 89' lang='lat' dir='ltr'>Fabium,</span> <span class='ocrx_word' id='word_1_156' title='bbox 1207 1267 1262 1304; x_wconf 81' lang='lat' dir='ltr'>M.-</span> <span class='ocrx_word' id='word_1_157' title='bbox 1301 1267 1464 1312; x_wconf 84' lang='lat' dir='ltr'>Livium,</span> 
     </span>
     <span class='ocr_line' id='line_1_21' title="bbox 143 1319 1468 1367; baseline -0.004 -8"><span class='ocrx_word' id='word_1_158' title='bbox 143 1327 176 1355; x_wconf 76' lang='lat'>20</span> <span class='ocrx_word' id='word_1_159' title='bbox 190 1322 232 1360; x_wconf 91' lang='lat' dir='ltr'>L.</span> <span class='ocrx_word' id='word_1_160' title='bbox 254 1321 462 1366; x_wconf 86' lang='lat' dir='ltr'>AEmilium,</span> <span class='ocrx_word' id='word_1_161' title='bbox 484 1322 528 1360; x_wconf 84' lang='lat' dir='ltr'>C.</span> <span class='ocrx_word' id='word_1_162' title='bbox 548 1321 750 1367; x_wconf 86' lang='lat' dir='ltr'>Licinium,</span> <span class='ocrx_word' id='word_1_163' title='bbox 783 1322 836 1361; x_wconf 78' lang='lat' dir='ltr'>Q.</span> <span class='ocrx_word' id='word_1_164' title='bbox 857 1322 1040 1367; x_wconf 78' lang='lat' dir='ltr'>Baebium,</span> <span class='ocrx_word' id='word_1_165' title='bbox 1062 1322 1099 1357; x_wconf 82' lang='lat' dir='ltr'>in</span> <span class='ocrx_word' id='word_1_166' title='bbox 1121 1319 1292 1357; x_wconf 82' lang='lat' dir='ltr'>Africam</span> <span class='ocrx_word' id='word_1_167' title='bbox 1314 1319 1468 1355; x_wconf 83' lang='lat' dir='ltr'>mittunt</span> 
     </span>
     <span class='ocr_line' id='line_1_22' title="bbox 188 1369 1468 1424; baseline -0.005 -12"><span class='ocrx_word' id='word_1_168' title='bbox 188 1375 234 1412; x_wconf 88' lang='lat' dir='ltr'>ad</span> <span class='ocrx_word' id='word_1_169' title='bbox 254 1375 528 1424; x_wconf 86' lang='lat' dir='ltr'>percontandos</span> <span class='ocrx_word' id='word_1_170' title='bbox 547 1374 891 1424; x_wconf 79' lang='lat' dir='ltr'>Carthaginienses,</span> <span class='ocrx_word' id='word_1_171' title='bbox 913 1374 1115 1423; x_wconf 90' lang='lat' dir='ltr'>publicone</span> <span class='ocrx_word' id='word_1_172' title='bbox 1141 1372 1299 1409; x_wconf 86' lang='lat' dir='ltr'>consilio</span> <span class='ocrx_word' id='word_1_173' title='bbox 1322 1369 1468 1407; x_wconf 89' lang='lat' dir='ltr'>Hanni·</span> 
     </span>
     <span class='ocr_line' id='line_1_23' title="bbox 187 1424 1467 1476; baseline -0.004 -13"><span class='ocrx_word' id='word_1_174' title='bbox 187 1427 247 1463; x_wconf 86' lang='lat' dir='ltr'>bal</span> <span class='ocrx_word' id='word_1_175' title='bbox 269 1427 478 1476; x_wconf 86' lang='lat' dir='ltr'>Saguntum</span> <span class='ocrx_word' id='word_1_176' title='bbox 497 1428 779 1476; x_wconf 64' lang='lat' dir='ltr'>oppugnasset?</span> <span class='ocrx_word' id='word_1_177' title='bbox 820 1434 857 1462; x_wconf 89' lang='lat' dir='ltr'>et</span> <span class='ocrx_word' id='word_1_178' title='bbox 876 1427 920 1473; x_wconf 86' lang='lat' dir='ltr'>si,</span> <span class='ocrx_word' id='word_1_179' title='bbox 941 1426 977 1462; x_wconf 92' lang='lat' dir='ltr'>id</span> <span class='ocrx_word' id='word_1_180' title='bbox 1003 1426 1102 1474; x_wconf 92' lang='lat' dir='ltr'>quod</span> <span class='ocrx_word' id='word_1_181' title='bbox 1133 1424 1268 1461; x_wconf 88' lang='lat' dir='ltr'>facturi</span> <span class='ocrx_word' id='word_1_182' title='bbox 1288 1424 1467 1460; x_wconf 88' lang='lat' dir='ltr'>videban-</span> 
     </span>
     <span class='ocr_line' id='line_1_24' title="bbox 187 1476 1469 1527; baseline -0.003 -12"><span class='ocrx_word' id='word_1_183' title='bbox 187 1485 260 1525; x_wconf 88' lang='lat' dir='ltr'>tur,</span> <span class='ocrx_word' id='word_1_184' title='bbox 281 1479 497 1522; x_wconf 83' lang='lat' dir='ltr'>faterentur,</span> <span class='ocrx_word' id='word_1_185' title='bbox 519 1491 563 1515; x_wconf 92' lang='lat' dir='ltr'>ac</span> <span class='ocrx_word' id='word_1_186' title='bbox 591 1478 838 1515; x_wconf 88' lang='lat' dir='ltr'>defenderent</span> <span class='ocrx_word' id='word_1_187' title='bbox 870 1478 1022 1527; x_wconf 89' lang='lat' dir='ltr'>publico</span> <span class='ocrx_word' id='word_1_188' title='bbox 1055 1477 1213 1514; x_wconf 89' lang='lat' dir='ltr'>consilio</span> <span class='ocrx_word' id='word_1_189' title='bbox 1243 1476 1396 1518; x_wconf 85' lang='lat' dir='ltr'>sactum,</span> <span class='ocrx_word' id='word_1_190' title='bbox 1427 1481 1469 1511; x_wconf 90' lang='lat' dir='ltr'>ut</span> 
     </span>
     <span class='ocr_line' id='line_1_25' title="bbox 188 1528 1468 1579; baseline -0.003 -12"><span class='ocrx_word' id='word_1_191' title='bbox 188 1530 400 1568; x_wconf 89' lang='lat' dir='ltr'>indicerent</span> <span class='ocrx_word' id='word_1_192' title='bbox 436 1531 573 1579; x_wconf 90' lang='lat' dir='ltr'>populo</span> <span class='ocrx_word' id='word_1_193' title='bbox 614 1530 919 1579; x_wconf 83' lang='lat' dir='ltr'>Carthaginiensi</span> <span class='ocrx_word' id='word_1_194' title='bbox 949 1530 1100 1566; x_wconf 84' lang='lat' dir='ltr'>bellurn.</span> <span class='ocrx_word' id='word_1_195' title='bbox 1174 1528 1341 1565; x_wconf 86' lang='lat' dir='ltr'>Romani</span> <span class='ocrx_word' id='word_1_196' title='bbox 1370 1534 1468 1576; x_wconf 86' lang='lat' dir='ltr'>post-</span> 
     </span>
     <span class='ocr_line' id='line_1_26' title="bbox 142 1581 1468 1631; baseline -0.004 -12"><span class='ocrx_word' id='word_1_197' title='bbox 142 1588 298 1630; x_wconf 78' lang='lat' dir='ltr'>25qua1n</span> <span class='ocrx_word' id='word_1_198' title='bbox 319 1583 589 1631; x_wconf 85' lang='lat' dir='ltr'>Carthaginem</span> <span class='ocrx_word' id='word_1_199' title='bbox 608 1589 802 1629; x_wconf 86' lang='lat' dir='ltr'>venerunt,</span> <span class='ocrx_word' id='word_1_200' title='bbox 830 1595 945 1630; x_wconf 88' lang='lat' dir='ltr'>quum</span> <span class='ocrx_word' id='word_1_201' title='bbox 975 1588 1128 1618; x_wconf 90' lang='lat' dir='ltr'>senatus</span> <span class='ocrx_word' id='word_1_202' title='bbox 1160 1581 1270 1617; x_wconf 88' lang='lat' dir='ltr'>datus</span> <span class='ocrx_word' id='word_1_203' title='bbox 1289 1586 1401 1621; x_wconf 89' lang='lat' dir='ltr'>esset,</span> <span class='ocrx_word' id='word_1_204' title='bbox 1431 1585 1468 1615; x_wconf 92' lang='lat' dir='ltr'>et</span> 
     </span>
     <span class='ocr_line' id='line_1_27' title="bbox 188 1633 1466 1683; baseline -0.005 -10"><span class='ocrx_word' id='word_1_205' title='bbox 188 1634 241 1673; x_wconf 73' lang='lat' dir='ltr'>Q..</span> <span class='ocrx_word' id='word_1_206' title='bbox 262 1634 404 1670; x_wconf 88' lang='lat' dir='ltr'>Fabius</span> <span class='ocrx_word' id='word_1_207' title='bbox 430 1635 523 1670; x_wconf 89' lang='lat' dir='ltr'>nihil</span> <span class='ocrx_word' id='word_1_208' title='bbox 553 1635 660 1681; x_wconf 73' lang='lat' dir='ltr'>ultra,</span> <span class='ocrx_word' id='word_1_209' title='bbox 689 1633 802 1683; x_wconf 71' lang='lat' dir='ltr'>quam</span> <span class='ocrx_word' id='word_1_210' title='bbox 830 1647 962 1677; x_wconf 87' lang='lat' dir='ltr'>unum,</span> <span class='ocrx_word' id='word_1_211' title='bbox 1000 1634 1097 1682; x_wconf 89' lang='lat' dir='ltr'>quod</span> <span class='ocrx_word' id='word_1_212' title='bbox 1127 1633 1347 1669; x_wconf 89' lang='lat' dir='ltr'>mandatum</span> <span class='ocrx_word' id='word_1_213' title='bbox 1376 1638 1466 1676; x_wconf 90' lang='lat' dir='ltr'>erat,</span> 
     </span>
     <span class='ocr_line' id='line_1_28' title="bbox 189 1683 1468 1734; baseline -0.002 -12"><span class='ocrx_word' id='word_1_214' title='bbox 189 1693 428 1734; x_wconf 88' lang='lat' dir='ltr'>percontatus</span> <span class='ocrx_word' id='word_1_215' title='bbox 447 1693 566 1731; x_wconf 82' lang='lat' dir='ltr'>esset3</span> <span class='ocrx_word' id='word_1_216' title='bbox 595 1694 674 1722; x_wconf 92' lang='lat' dir='ltr'>tum</span> <span class='ocrx_word' id='word_1_217' title='bbox 694 1699 740 1722; x_wconf 86' lang='lat' dir='ltr'>ex</span> <span class='ocrx_word' id='word_1_218' title='bbox 760 1686 1139 1734; x_wconf 87' lang='lat' dir='ltr'>Carthaginiensibus</span> <span class='ocrx_word' id='word_1_219' title='bbox 1158 1697 1256 1721; x_wconf 91' lang='lat' dir='ltr'>unus</span> <span class='ocrx_word' id='word_1_220' title='bbox 1273 1697 1281 1719; x_wconf 73' lang='grc' dir='ltr'>ε</span> <span class='ocrx_word' id='word_1_221' title='bbox 1327 1690 1351 1706; x_wconf 86' lang='grc'>“</span> <span class='ocrx_word' id='word_1_222' title='bbox 1369 1683 1468 1719; x_wconf 82' lang='lat' dir='ltr'>Prae-</span> 
     </span>
     <span class='ocr_line' id='line_1_29' title="bbox 192 1735 1468 1786; baseline -0.002 -12"><span class='ocrx_word' id='word_1_223' title='bbox 192 1744 216 1760; x_wconf 90' lang='grc'><strong>“</strong></span> <span class='ocrx_word' id='word_1_224' title='bbox 230 1750 320 1786; x_wconf 92' lang='lat' dir='ltr'>ceps</span> <span class='ocrx_word' id='word_1_225' title='bbox 338 1746 470 1783; x_wconf 84' lang='lat' dir='ltr'>vestra,</span> <span class='ocrx_word' id='word_1_226' title='bbox 493 1738 670 1783; x_wconf 82' lang='lat' dir='ltr'>Romani,</span> <span class='ocrx_word' id='word_1_227' title='bbox 704 1745 742 1774; x_wconf 88' lang='lat' dir='ltr'>et</span> <span class='ocrx_word' id='word_1_228' title='bbox 759 1738 858 1785; x_wconf 81' lang='lat' dir='ltr'>prior</span> <span class='ocrx_word' id='word_1_229' title='bbox 878 1738 1015 1786; x_wconf 83' lang='lat' dir='ltr'>legatio</span> <span class='ocrx_word' id='word_1_230' title='bbox 1035 1737 1116 1784; x_wconf 87' lang='lat' dir='ltr'>fuit,</span> <span class='ocrx_word' id='word_1_231' title='bbox 1135 1749 1251 1785; x_wconf 85' lang='lat' dir='ltr'>quum</span> <span class='ocrx_word' id='word_1_232' title='bbox 1272 1735 1468 1772; x_wconf 88' lang='lat' dir='ltr'>Hanniba-</span> 
     </span>
     <span class='ocr_line' id='line_1_30' title="bbox 193 1788 1470 1838; baseline -0.002 -12"><span class='ocrx_word' id='word_1_233' title='bbox 193 1789 316 1832; x_wconf 84' lang='lat' dir='ltr'>“lem‚</span> <span class='ocrx_word' id='word_1_234' title='bbox 341 1797 529 1838; x_wconf 88' lang='lat' dir='ltr'>tamquam</span> <span class='ocrx_word' id='word_1_235' title='bbox 550 1803 618 1826; x_wconf 89' lang='lat' dir='ltr'>suo</span> <span class='ocrx_word' id='word_1_236' title='bbox 647 1789 804 1826; x_wconf 91' lang='lat' dir='ltr'>consilio</span> <span class='ocrx_word' id='word_1_237' title='bbox 834 1790 1046 1838; x_wconf 87' lang='lat' dir='ltr'>Saguntum</span> <span class='ocrx_word' id='word_1_238' title='bbox 1076 1795 1374 1838; x_wconf 76' lang='lat' dir='ltr'>oppugnantem,</span> <span class='ocrx_word' id='word_1_239' title='bbox 1405 1788 1470 1823; x_wconf 87' lang='lat' dir='ltr'>de-</span> 
     </span>
     <span class='ocr_line' id='line_1_31' title="bbox 145 1840 1467 1890; baseline -0.002 -12"><span class='ocrx_word' id='word_1_240' title='bbox 145 1847 178 1872; x_wconf 82' lang='lat'>30</span> <span class='ocrx_word' id='word_1_241' title='bbox 192 1847 216 1864; x_wconf 79' lang='lat'>‘⁴</span> <span class='ocrx_word' id='word_1_242' title='bbox 229 1842 440 1890; x_wconf 86' lang='lat' dir='ltr'>poscebatis</span> <span class='ocrx_word' id='word_1_243' title='bbox 457 1854 465 1877; x_wconf 71' lang='grc' dir='ltr'><strong><em>ε</em></strong></span> <span class='ocrx_word' id='word_1_244' title='bbox 494 1841 671 1878; x_wconf 74' lang='lat' dir='ltr'>caeterum</span> <span class='ocrx_word' id='word_1_245' title='bbox 692 1842 772 1877; x_wconf 84' lang='lat' dir='ltr'>haec</span> <span class='ocrx_word' id='word_1_246' title='bbox 805 1841 941 1889; x_wconf 84' lang='lat' dir='ltr'>legatio</span> <span class='ocrx_word' id='word_1_247' title='bbox 971 1842 1093 1877; x_wconf 83' lang='lat' dir='ltr'>verbis</span> <span class='ocrx_word' id='word_1_248' title='bbox 1118 1841 1243 1877; x_wconf 88' lang='lat' dir='ltr'>adhuc</span> <span class='ocrx_word' id='word_1_249' title='bbox 1262 1840 1380 1876; x_wconf 90' lang='lat' dir='ltr'>lenior</span> <span class='ocrx_word' id='word_1_250' title='bbox 1400 1846 1467 1885; x_wconf 89' lang='lat' dir='ltr'>est,</span> 
     </span>
     <span class='ocr_line' id='line_1_32' title="bbox 192 1892 1469 1941; baseline -0.001 -12"><span class='ocrx_word' id='word_1_251' title='bbox 192 1898 270 1929; x_wconf 86' lang='lat' dir='ltr'>“re</span> <span class='ocrx_word' id='word_1_252' title='bbox 299 1893 473 1941; x_wconf 85' lang='lat' dir='ltr'>asperior.</span> <span class='ocrx_word' id='word_1_253' title='bbox 536 1893 652 1929; x_wconf 91' lang='lat' dir='ltr'>Tunc</span> <span class='ocrx_word' id='word_1_254' title='bbox 681 1893 782 1929; x_wconf 90' lang='lat' dir='ltr'>enim</span> <span class='ocrx_word' id='word_1_255' title='bbox 813 1894 1006 1929; x_wconf 88' lang='lat' dir='ltr'>Hannibal</span> <span class='ocrx_word' id='word_1_256' title='bbox 1035 1900 1073 1930; x_wconf 87' lang='lat' dir='ltr'>et</span> <span class='ocrx_word' id='word_1_257' title='bbox 1101 1892 1403 1938; x_wconf 87' lang='lat' dir='ltr'>insimulabatur,</span> <span class='ocrx_word' id='word_1_258' title='bbox 1432 1899 1469 1928; x_wconf 89' lang='lat' dir='ltr'>et</span> 
     </span>
     <span class='ocr_line' id='line_1_33' title="bbox 193 1944 1470 1993; baseline -0.002 -11"><span class='ocrx_word' id='word_1_259' title='bbox 193 1945 502 1993; x_wconf 88' lang='lat' dir='ltr'>“deposcebatur</span> <span class='ocrx_word' id='word_1_260' title='bbox 519 1957 527 1981; x_wconf 90' lang='lat'>:</span> <span class='ocrx_word' id='word_1_261' title='bbox 556 1957 659 1981; x_wconf 89' lang='lat' dir='ltr'>nunc</span> <span class='ocrx_word' id='word_1_262' title='bbox 679 1945 726 1980; x_wconf 90' lang='lat' dir='ltr'>ab</span> <span class='ocrx_word' id='word_1_263' title='bbox 745 1945 853 1981; x_wconf 87' lang='lat' dir='ltr'>nobis</span> <span class='ocrx_word' id='word_1_264' title='bbox 881 1952 919 1981; x_wconf 92' lang='lat' dir='ltr'>et</span> <span class='ocrx_word' id='word_1_265' title='bbox 938 1945 1125 1981; x_wconf 82' lang='lat' dir='ltr'>confessio</span> <span class='ocrx_word' id='word_1_266' title='bbox 1151 1945 1273 1993; x_wconf 82' lang='lat' dir='ltr'>culpae</span> <span class='ocrx_word' id='word_1_267' title='bbox 1293 1944 1470 1993; x_wconf 82' lang='lat' dir='ltr'>exprimi-</span> 
     </span>
     <span class='ocr_line' id='line_1_34' title="bbox 193 1996 1470 2045; baseline 0 -12"><span class='ocrx_word' id='word_1_268' title='bbox 193 2003 317 2042; x_wconf 89' lang='lat' dir='ltr'>“tur;</span> <span class='ocrx_word' id='word_1_269' title='bbox 363 2005 413 2040; x_wconf 87' lang='lat' dir='ltr'>et,</span> <span class='ocrx_word' id='word_1_270' title='bbox 442 2003 483 2034; x_wconf 90' lang='lat' dir='ltr'>ut</span> <span class='ocrx_word' id='word_1_271' title='bbox 511 2010 533 2033; x_wconf 90' lang='lat' dir='ltr'>a</span> <span class='ocrx_word' id='word_1_272' title='bbox 560 1997 753 2041; x_wconf 76' lang='lat' dir='ltr'>confessis,</span> <span class='ocrx_word' id='word_1_273' title='bbox 783 2010 843 2033; x_wconf 91' lang='lat' dir='ltr'>res</span> <span class='ocrx_word' id='word_1_274' title='bbox 871 1997 1059 2045; x_wconf 83' lang='lat' dir='ltr'>extemplo</span> <span class='ocrx_word' id='word_1_275' title='bbox 1087 2004 1320 2045; x_wconf 89' lang='lat' dir='ltr'>repetuntur.</span> <span class='ocrx_word' id='word_1_276' title='bbox 1387 1996 1470 2045; x_wconf 89' lang='lat' dir='ltr'>Ego</span> 
     </span>
     <span class='ocr_line' id='line_1_35' title="bbox 193 2049 1470 2097; baseline -0.001 -12"><span class='ocrx_word' id='word_1_277' title='bbox 193 2054 355 2085; x_wconf 88' lang='lat' dir='ltr'>“autem</span> <span class='ocrx_word' id='word_1_278' title='bbox 388 2061 478 2096; x_wconf 90' lang='lat' dir='ltr'>non,</span> <span class='ocrx_word' id='word_1_279' title='bbox 510 2050 652 2097; x_wconf 88' lang='lat' dir='ltr'>privato</span> <span class='ocrx_word' id='word_1_280' title='bbox 684 2049 886 2097; x_wconf 90' lang='lat' dir='ltr'>publicone</span> <span class='ocrx_word' id='word_1_281' title='bbox 916 2049 1074 2086; x_wconf 88' lang='lat' dir='ltr'>consilio</span> <span class='ocrx_word' id='word_1_282' title='bbox 1095 2050 1308 2097; x_wconf 87' lang='lat' dir='ltr'>Saguntum</span> <span class='ocrx_word' id='word_1_283' title='bbox 1328 2060 1470 2097; x_wconf 89' lang='lat' dir='ltr'>oppug-</span> 
     </span>
     <span class='ocr_line' id='line_1_36' title="bbox 145 2100 1472 2149; baseline -0.001 -12"><span class='ocrx_word' id='word_1_284' title='bbox 145 2106 178 2132; x_wconf 83' lang='grc'>35</span> <span class='ocrx_word' id='word_1_285' title='bbox 193 2106 216 2123; x_wconf 91' lang='lat'>“</span> <span class='ocrx_word' id='word_1_286' title='bbox 230 2108 358 2137; x_wconf 90' lang='lat' dir='ltr'>natum</span> <span class='ocrx_word' id='word_1_287' title='bbox 380 2101 439 2143; x_wconf 88' lang='lat' dir='ltr'>sit,</span> <span class='ocrx_word' id='word_1_288' title='bbox 459 2101 702 2149; x_wconf 85' lang='lat' dir='ltr'>quaerendum</span> <span class='ocrx_word' id='word_1_289' title='bbox 723 2113 915 2147; x_wconf 86' lang='lat' dir='ltr'>censeam,</span> <span class='ocrx_word' id='word_1_290' title='bbox 944 2102 1009 2137; x_wconf 91' lang='lat' dir='ltr'>sed</span> <span class='ocrx_word' id='word_1_291' title='bbox 1041 2100 1164 2137; x_wconf 77' lang='lat' dir='ltr'>utrum</span> <span class='ocrx_word' id='word_1_292' title='bbox 1182 2101 1265 2149; x_wconf 90' lang='lat' dir='ltr'>jure</span> <span class='ocrx_word' id='word_1_293' title='bbox 1295 2114 1342 2137; x_wconf 87' lang='lat' dir='ltr'>an</span> <span class='ocrx_word' id='word_1_294' title='bbox 1377 2100 1472 2149; x_wconf 90' lang='lat' dir='ltr'>inju-</span> 
     </span>
     <span class='ocr_line' id='line_1_37' title="bbox 193 2152 1471 2201; baseline 0.001 -13"><span class='ocrx_word' id='word_1_295' title='bbox 193 2152 295 2188; x_wconf 63' lang='lat' dir='ltr'>“rifi.</span> <span class='ocrx_word' id='word_1_296' title='bbox 351 2152 490 2189; x_wconf 88' lang='lat' dir='ltr'>Nostra</span> <span class='ocrx_word' id='word_1_297' title='bbox 516 2153 618 2189; x_wconf 90' lang='lat' dir='ltr'>enim</span> <span class='ocrx_word' id='word_1_298' title='bbox 647 2153 729 2189; x_wconf 85' lang='lat' dir='ltr'>haec</span> <span class='ocrx_word' id='word_1_299' title='bbox 757 2153 912 2201; x_wconf 84' lang='lat' dir='ltr'>quaestio</span> <span class='ocrx_word' id='word_1_300' title='bbox 932 2160 1041 2201; x_wconf 90' lang='lat' dir='ltr'>atque</span> <span class='ocrx_word' id='word_1_301' title='bbox 1062 2153 1337 2189; x_wconf 87' lang='lat' dir='ltr'>animadversio</span> <span class='ocrx_word' id='word_1_302' title='bbox 1359 2153 1397 2189; x_wconf 92' lang='lat' dir='ltr'>in</span> <span class='ocrx_word' id='word_1_303' title='bbox 1418 2152 1471 2189; x_wconf 89' lang='lat' dir='ltr'>ci-</span> 
     </span>
     <span class='ocr_line' id='line_1_38' title="bbox 193 2205 1472 2247; baseline 0.001 -7"><span class='ocrx_word' id='word_1_304' title='bbox 193 2209 314 2240; x_wconf 85' lang='lat' dir='ltr'>“vem</span> <span class='ocrx_word' id='word_1_305' title='bbox 343 2211 510 2240; x_wconf 90' lang='lat' dir='ltr'>nostrum</span> <span class='ocrx_word' id='word_1_306' title='bbox 540 2211 608 2247; x_wconf 91' lang='lat' dir='ltr'>est,</span> <span class='ocrx_word' id='word_1_307' title='bbox 638 2212 763 2241; x_wconf 90' lang='lat' dir='ltr'>nostro</span> <span class='ocrx_word' id='word_1_308' title='bbox 792 2217 838 2241; x_wconf 91' lang='lat' dir='ltr'>an</span> <span class='ocrx_word' id='word_1_309' title='bbox 860 2218 927 2241; x_wconf 90' lang='lat' dir='ltr'>suo</span> <span class='ocrx_word' id='word_1_310' title='bbox 948 2205 1079 2241; x_wconf 86' lang='lat' dir='ltr'>fecerit</span> <span class='ocrx_word' id='word_1_311' title='bbox 1098 2205 1261 2241; x_wconf 82' lang='lat' dir='ltr'>arbitrio.</span> <span class='ocrx_word' id='word_1_312' title='bbox 1336 2205 1472 2241; x_wconf 91' lang='lat' dir='ltr'>Vobis·</span> 
     </span>
     <span class='ocr_line' id='line_1_39' title="bbox 194 2256 1470 2305; baseline 0.001 -13"><span class='ocrx_word' id='word_1_313' title='bbox 194 2262 318 2292; x_wconf 92' lang='lat' dir='ltr'>“cum</span> <span class='ocrx_word' id='word_1_314' title='bbox 338 2268 413 2292; x_wconf 86' lang='lat' dir='ltr'>una</span> <span class='ocrx_word' id='word_1_315' title='bbox 441 2256 662 2304; x_wconf 87' lang='lat' dir='ltr'>disceptatio</span> <span class='ocrx_word' id='word_1_316' title='bbox 689 2264 758 2300; x_wconf 87' lang='lat' dir='ltr'>est,</span> <span class='ocrx_word' id='word_1_317' title='bbox 788 2257 986 2293; x_wconf 89' lang='lat' dir='ltr'>licueritne</span> <span class='ocrx_word' id='word_1_318' title='bbox 1020 2270 1085 2305; x_wconf 91' lang='lat' dir='ltr'>per</span> <span class='ocrx_word' id='word_1_319' title='bbox 1104 2256 1226 2293; x_wconf 84' lang='lat' dir='ltr'>foedus</span> <span class='ocrx_word' id='word_1_320' title='bbox 1242 2258 1334 2294; x_wconf 86' lang='lat' dir='ltr'>fieri.</span> <span class='ocrx_word' id='word_1_321' title='bbox 1394 2257 1470 2293; x_wconf 89' lang='lat' dir='ltr'>Ita-</span> 
     </span>
     <span class='ocr_line' id='line_1_40' title="bbox 193 2307 1470 2358; baseline 0.002 -15"><span class='ocrx_word' id='word_1_322' title='bbox 193 2313 218 2330; x_wconf 88' lang='lat'><strong>“</strong></span> <span class='ocrx_word' id='word_1_323' title='bbox 230 2320 302 2356; x_wconf 92' lang='lat' dir='ltr'>que</span> <span class='ocrx_word' id='word_1_324' title='bbox 317 2307 492 2356; x_wconf 87' lang='lat' dir='ltr'>quoniam</span> <span class='ocrx_word' id='word_1_325' title='bbox 509 2308 672 2345; x_wconf 89' lang='lat' dir='ltr'>discerni</span> <span class='ocrx_word' id='word_1_326' title='bbox 692 2309 826 2357; x_wconf 89' lang='lat' dir='ltr'>placet,</span> <span class='ocrx_word' id='word_1_327' title='bbox 840 2309 928 2358; x_wconf 92' lang='lat' dir='ltr'>quid</span> <span class='ocrx_word' id='word_1_328' title='bbox 944 2309 1096 2357; x_wconf 91' lang='lat' dir='ltr'>publico</span> <span class='ocrx_word' id='word_1_329' title='bbox 1111 2309 1281 2356; x_wconf 87' lang='lat' dir='ltr'>consilio,</span> <span class='ocrx_word' id='word_1_330' title='bbox 1294 2310 1382 2358; x_wconf 91' lang='lat' dir='ltr'>quid</span> <span class='ocrx_word' id='word_1_331' title='bbox 1401 2309 1470 2345; x_wconf 70' lang='lat' dir='ltr'>sua</span> 
     </span>
     <span class='ocr_line' id='line_1_41' title="bbox 146 2359 1470 2408; baseline 0.002 -14"><span class='ocrx_word' id='word_1_332' title='bbox 146 2365 180 2390; x_wconf 82' lang='grc'>40</span> <span class='ocrx_word' id='word_1_333' title='bbox 194 2365 218 2382; x_wconf 89' lang='grc'>“</span> <span class='ocrx_word' id='word_1_334' title='bbox 231 2367 362 2408; x_wconf 85' lang='lat' dir='ltr'>sponte</span> <span class='ocrx_word' id='word_1_335' title='bbox 381 2359 623 2408; x_wconf 88' lang='lat' dir='ltr'>imperatores</span> <span class='ocrx_word' id='word_1_336' title='bbox 635 2360 798 2405; x_wconf 81' lang='lat' dir='ltr'>faciant3</span> <span class='ocrx_word' id='word_1_337' title='bbox 818 2362 926 2397; x_wconf 88' lang='lat' dir='ltr'>nobis</span> <span class='ocrx_word' id='word_1_338' title='bbox 941 2362 1134 2397; x_wconf 88' lang='lat' dir='ltr'>vobiscum</span> <span class='ocrx_word' id='word_1_339' title='bbox 1151 2361 1271 2397; x_wconf 84' lang='lat' dir='ltr'>foedus</span> <span class='ocrx_word' id='word_1_340' title='bbox 1287 2369 1344 2398; x_wconf 91' lang='lat' dir='ltr'>est</span> <span class='ocrx_word' id='word_1_341' title='bbox 1356 2374 1377 2397; x_wconf 92' lang='lat' dir='ltr'>a</span> <span class='ocrx_word' id='word_1_342' title='bbox 1396 2361 1470 2397; x_wconf 92' lang='lat' dir='ltr'>Lu-</span> 
     </span>
     <span class='ocr_line' id='line_1_42' title="bbox 192 2411 1471 2461; baseline 0 -14"><span class='ocrx_word' id='word_1_343' title='bbox 192 2413 217 2434; x_wconf 91' lang='lat'><strong>“</strong></span> <span class='ocrx_word' id='word_1_344' title='bbox 230 2411 320 2448; x_wconf 88' lang='lat' dir='ltr'>tatio</span> <span class='ocrx_word' id='word_1_345' title='bbox 336 2411 490 2447; x_wconf 91' lang='lat' dir='ltr'>consule</span> <span class='ocrx_word' id='word_1_346' title='bbox 509 2411 649 2455; x_wconf 82' lang='lat' dir='ltr'>ictum3</span> <span class='ocrx_word' id='word_1_347' title='bbox 679 2412 716 2448; x_wconf 91' lang='lat' dir='ltr'>in</span> <span class='ocrx_word' id='word_1_348' title='bbox 729 2425 802 2461; x_wconf 92' lang='lat' dir='ltr'>quo</span> <span class='ocrx_word' id='word_1_349' title='bbox 820 2426 933 2461; x_wconf 90' lang='lat' dir='ltr'>quum</span> <span class='ocrx_word' id='word_1_350' title='bbox 951 2421 1145 2449; x_wconf 86' lang='lat' dir='ltr'>caveretur</span> <span class='ocrx_word' id='word_1_351' title='bbox 1158 2420 1398 2461; x_wconf 84' lang='lat' dir='ltr'>utrorumque</span> <span class='ocrx_word' id='word_1_352' title='bbox 1414 2424 1471 2448; x_wconf 90' lang='lat' dir='ltr'>so-</span> 
     </span>
    </p>

    <p class='ocr_par' dir='ltr' id='par_1_5' title="bbox 195 2463 1472 2515">
     <span class='ocr_line' id='line_1_43' title="bbox 195 2463 1472 2515; baseline 0 -15"><span class='ocrx_word' id='word_1_353' title='bbox 195 2470 218 2488; x_wconf 87' lang='lat'><strong><em>“</em></strong></span> <span class='ocrx_word' id='word_1_354' title='bbox 232 2463 314 2511; x_wconf 87' lang='lat' dir='ltr'>ciis,</span> <span class='ocrx_word' id='word_1_355' title='bbox 335 2463 427 2500; x_wconf 89' lang='lat' dir='ltr'>nihil</span> <span class='ocrx_word' id='word_1_356' title='bbox 447 2463 494 2500; x_wconf 90' lang='lat' dir='ltr'>de</span> <span class='ocrx_word' id='word_1_357' title='bbox 515 2463 736 2512; x_wconf 84' lang='lat' dir='ltr'>Saguntinis</span> <span class='ocrx_word' id='word_1_358' title='bbox 769 2464 951 2514; x_wconf 89' lang='lat' dir='ltr'>(necdum</span> <span class='ocrx_word' id='word_1_359' title='bbox 968 2466 1068 2502; x_wconf 89' lang='lat' dir='ltr'>enim</span> <span class='ocrx_word' id='word_1_360' title='bbox 1102 2472 1209 2502; x_wconf 82' lang='lat' dir='ltr'>erant</span> <span class='ocrx_word' id='word_1_361' title='bbox 1235 2465 1327 2502; x_wconf 90' lang='lat' dir='ltr'>socii</span> <span class='ocrx_word' id='word_1_362' title='bbox 1343 2463 1472 2515; x_wconf 86' lang='lat' dir='ltr'>vestri)</span> 
     </span>
    </p>
   </div>
  </div>
 </body>
</html>
