1638 2765
200 203 252 240 2ss
734 203 824 233 T1T1
850 203 959 233 LIVll

202 295 288 345 pius
309 296 459 343 Albam,
480 297 550 334 tria
572 298 721 334 Albana
741 298 905 335 Romam
935 311 1077 348 versus,
1096 299 1161 335 sed
1182 298 1359 335 distantia
1378 298 1481 344 locis,

203 356 241 385 et
260 356 300 385 ut
320 357 527 398 pugnatum
549 357 616 386 est.

256 452 407 490 XXVI.
445 454 668 503 Priusquam
690 454 777 491 inde
798 455 1098 505 digrederentur,
1118 456 1264 506 roganti
1287 455 1417 501 Metto,
1439 468 1485 492 ex

205 505 344 542 soedere
366 507 441 543 icto
460 507 548 554 quid
569 508 782 556 imperaret,
817 508 976 557 imperat
1009 509 1156 554 Tullus,
1160 488 1232 544 omi
1248 509 1483 556 juventutem

205 557 243 593 in
266 558 378 594 armis
399 559 560 596 habeat:
604 573 757 596 usurum
792 573 832 596 se
865 573 993 597 eorum
1026 563 1151 610 opera,
1187 561 1215 596 si
1237 560 1375 596 bellum
1397 573 1485 596 cum
1514 566 1530 590 5

205 610 431 658 Vejentibus
452 611 570 648 foret:
600 612 651 648 ita
670 613 860 649 exercitus
893 613 980 649 inde
1007 614 1138 650 domos
1158 613 1323 648 abducti.
1380 611 1487 648 Prin-

205 675 294 710 ceps
318 663 496 700 Horatius
526 664 615 707 ibat,
649 664 850 713 trigemina
885 665 1001 714 spolia
1034 678 1109 714 prae
1143 678 1183 701 se
1216 677 1352 714 gerens
1370 677 1377 700 :
1424 664 1486 701 cui

205 727 305 750 soror
325 716 442 764 virgo,
462 729 543 764 quae
563 717 749 765 desponsa
768 717 833 753 uni
853 730 899 753 ex
919 717 1099 754 Curiatiis
1118 717 1251 759 fuerat,
1271 717 1380 753 obvia
1400 724 1486 752 ante

204 774 348 814 portam
383 768 576 816 Capenam
613 769 705 813 suit3
752 769 978 826 cognitoque
1012 782 1122 817 super
1157 770 1332 805 humeros
1366 768 1487 805 fratris

204 818 472 866 paludamento
491 821 631 868 sponsi,
652 821 749 869 quod
785 821 865 869 ipsa
897 821 1125 863 confecerat,
1161 821 1268 857 solvit
1294 820 1430 860 crines.
1451 827 1488 856 et
1503 827 1532 851 1⁰

206 869 380 907 flebiliter
401 873 554 909 nomine
575 885 753 922 sponsum
784 881 973 910 mortuum
994 873 1166 931 appellat.
1224 872 1352 909 Movet
1371 872 1487 908 feroci

202 921 333 971 juveni
355 924 523 961 animum
544 926 788 974 comploratio
807 926 943 962 sororis
977 926 1015 961 in
1051 925 1203 961 victoria
1224 927 1287 960 suffr
1311 931 1488 972 tantoque

205 976 345 1023 gaudio
365 977 527 1024 publico.
585 978 724 1014 Stricto
757 978 879 1025 itaque
913 977 1051 1026 gladio,
1085 977 1195 1013 simul
1226 976 1377 1012 verbis
1370 989 1490 1012 incre-

206 1039 314 1075 pans,
335 1029 519 1078 transfigit
540 1030 714 1078 puellam.
771 1032 794 1051 ‘⁶
813 1030 889 1066 Abi
910 1030 998 1066 hinc
1019 1042 1107 1066 cum
1141 1029 1341 1065 immaturo
1362 1041 1488 1064 amore

206 1081 230 1100 “
250 1081 295 1116 ad
317 1082 537 1140 sponsum,’'
559 1082 693 1130 inquit,
720 1082 874 1118 “oblita
896 1083 1050 1118 fratrum
1072 1089 1303 1118 mortuorum
1325 1081 1487 1129 vivique,
1505 1088 1533 1112 15

207 1133 231 1153 “
250 1133 364 1168 oblita
384 1134 526 1182 patriae.
569 1135 634 1170 Sic
655 1141 728 1177 eat,
759 1147 1006 1182 quaecumque
1037 1134 1214 1170 Romana
1240 1133 1384 1182 lugebit
1406 1134 1487 1168 hos-

209 1185 233 1206 “
251 1194 337 1220 tem.
343 1185 364 1201 ''
423 1187 542 1222 Atrox
561 1186 679 1222 visum
701 1186 738 1223 id
759 1187 906 1222 facinus
927 1186 1099 1222 Patribus
1118 1186 1318 1234 plebique:
1348 1185 1413 1221 sed
1434 1197 1490 1221 re-

207 1249 299 1273 cens
319 1238 494 1274 meritum
516 1238 615 1275 facto
633 1239 829 1275 obstabat.
859 1246 985 1275 tamen
1003 1246 1130 1287 raptus
1146 1238 1183 1274 in
1200 1251 1262 1287 Jus
1281 1238 1327 1273 ad
1348 1249 1487 1286 regern.

208 1289 311 1333 ReX,
333 1303 380 1326 ne
402 1290 480 1338 ipse
500 1298 575 1327 tam
596 1291 710 1328 tristis
743 1291 954 1339 ingratique
988 1291 1034 1327 ad
1067 1290 1201 1339 vulgus
1231 1289 1378 1339 judicii,
1412 1296 1488 1336 aut,

208 1343 418 1378 secundum
436 1343 638 1391 judicium,
665 1344 839 1391 supplicii
873 1350 1003 1379 auctor
1036 1351 1146 1387 esset,
1181 1341 1344 1378 concilio
1363 1320 1535 1390 populien

208 1394 400 1440 advocato,
422 1398 444 1417 ‘⁵
463 1395 728 1439 Duumviros,''
747 1395 879 1444 inquit,
898 1402 921 1418 “
938 1395 1000 1443 qui
1019 1395 1178 1431 Horatio
1194 1393 1489 1442 perduellionem

208 1449 230 1468 ‘⁶
244 1447 431 1496 judicent,
452 1448 662 1484 secundum
683 1448 804 1497 legem
826 1448 963 1484 saci0.”
1019 1447 1099 1484 Lex
1117 1446 1292 1483 horrendi
1312 1445 1491 1482 carminis

208 1507 287 1536 erat
305 1513 313 1534 z
369 1502 392 1521 ‘⁶
411 1500 609 1536 Duumviri
631 1501 925 1549 perduellionem
943 1500 1128 1548 judicent.
1186 1499 1226 1534 Si
1247 1511 1268 1534 a
1284 1498 1491 1539 duumviris

207 1553 232 1573 ⁴‘
250 1552 472 1600 provocarit,
493 1553 756 1600 provocatione
777 1560 944 1588 certato:
980 1552 1018 1588 ,si
1053 1551 1218 1596 vincent,
1240 1558 1353 1597 caput
1372 1550 1491 1585 obnu-

207 1606 233 1625 “
252 1604 351 1640 bito:
383 1604 524 1641 infelici
545 1604 666 1641 arbori
686 1612 784 1641 reste
814 1604 1058 1652 suspendito:
1102 1603 1297 1639 verberato
1318 1602 1373 1638 vel
1396 1602 1536 1638 intra2⁵

208 1659 232 1678 “
250 1657 484 1715 pomoerium,
506 1657 561 1693 vel
582 1665 686 1693 extra
705 1657 954 1706 pomoerium)
959 1656 1084 1692 ’Hac
1100 1656 1182 1704 lege
1203 1654 1391 1690 duumviri
1411 1666 1491 1690 cre-

209 1709 258 1746 ati
282 1708 359 1757 (qui
382 1722 421 1745 se
442 1709 635 1759 absolvere
656 1722 730 1746 non
751 1710 930 1745 rebantur
950 1721 995 1745 ea
1015 1709 1112 1757 lege,
1134 1721 1180 1743 ne
1194 1707 1390 1743 innoxium
1412 1707 1492 1754 qui-

174 1761 184 1771 '
209 1762 309 1804 dem,
324 1763 449 1813 posse)
466 1775 579 1810 quum
595 1761 937 1806 condemnassent;
959 1768 1037 1797 tum
1055 1760 1147 1796 alter
1163 1773 1209 1796 ex
1226 1759 1296 1802 his,
1317 1761 1339 1780 “
1354 1758 1393 1794 Ρ.
1414 1759 1492 1795 Ho-

209 1817 232 1836 “
250 1814 333 1860 rati,
354 1814 421 1850 tibi
441 1814 736 1863 perduellionem
754 1814 895 1863 judico,
900 1814 923 1830 '’
945 1813 1077 1861 inquit.
1120 1815 1142 1834 “
1161 1812 1193 1854 Ι,
1214 1811 1334 1854 lictor,
1356 1810 1492 1859 colliga

209 1867 368 1903 manus'
451 1869 671 1902 Accesserat
690 1866 810 1913 lictor,
845 1866 1111 1915 injicie¹)atque
1144 1864 1330 1912 laqueum.
1387 1862 1489 1900 Tum
1505 1869 1536 1894 30

209 1919 404 1961 Horatius,
426 1926 578 1955 auctore
599 1919 726 1965 Tullo,
747 1918 934 1954 clemente
955 1918 1048 1966 legis
1080 1918 1294 1965 interprete,
1323 1918 1345 1937 “
1360 1915 1493 1953 Provo-

210 1966 297 2015 (ιο,”μ
316 1971 434 2018 inquit
453 1984 460 2007 :
495 1971 546 2007 ita
565 1971 612 2007 de
633 1971 896 2019 provocatione
926 1978 1110 2006 certatum
1144 1969 1191 2005 ad
1224 1968 1400 2016 populum
1422 1977 1490 2005 est.

211 2023 306 2060 Moti
328 2024 500 2059 homines
521 2031 607 2060 sunt
628 2024 664 2059 in
686 2036 731 2060 eo
760 2023 918 2072 judicio,
954 2021 1116 2058 maxime
1148 2021 1188 2057 P.
1211 2021 1369 2057 Horatio
1388 2028 1491 2068 patre

209 2075 479 2124 proclamante,
494 2089 533 2112 se
547 2075 753 2124 filiamjure
767 2088 901 2111 caesam
913 2075 1104 2124 judicare:
1125 2074 1163 2110 ni
1180 2075 1230 2112 ita
1245 2080 1356 2115 esset,
1374 2073 1493 2121 patrio

207 2129 291 2177 jure
326 2128 362 2164 in
398 2128 514 2164 filium
537 2129 884 2164 animadversurum
915 2127 1040 2163 fuisse.
1097 2127 1240 2163 Orabat
1272 2125 1424 2171 deinde,
1445 2131 1538 2162 nessb

211 2193 264 2223 se,
285 2193 395 2227 quem
417 2179 526 2229 paulo
544 2181 628 2217 ante
646 2194 733 2217 cum
749 2180 899 2230 egregia
916 2180 1030 2227 stirpe
1046 2180 1343 2227 conspexissent,
1360 2178 1492 2214 orbum

211 2232 339 2268 liberis
361 2233 541 2270 facerent.
589 2232 693 2269 Inter
711 2234 792 2269 haec
809 2244 938 2278 senex,
955 2231 1131 2280 juvenem
1153 2231 1359 2279 amplerum,
1376 2230 1495 2278 spolia

212 2284 469 2321 Curiatiorum
491 2285 564 2321 fixa
583 2298 628 2321 eo
648 2285 742 2328 loco,
773 2284 836 2333 qui
857 2295 959 2320 nunc
995 2283 1076 2319 Pila
1097 2283 1254 2319 Horatia
1274 2282 1491 2330 appellatur,

210 2344 417 2380 ostentanS,
456 2340 478 2359 “
498 2337 745 2380 Hunccine,”
783 2336 919 2382 aiebat,
962 2337 985 2356 “
1001 2348 1111 2384 quem
1144 2335 1255 2372 modo
1276 2335 1493 2371 decoratum

211 2391 501 2437 “ovantemque
518 2390 668 2426 victoria
685 2389 925 2425 incedentem
950 2388 1105 2433 vidistis,
1125 2388 1310 2432 Quirites,
1324 2399 1410 2422 eum
1423 2386 1493 2422 sub
1507 2395 1538 2418 40

213 2444 245 2464 ‘⁶'
261 2441 367 2478 furca
388 2442 556 2478 vinctum
578 2442 673 2477 inter
695 2441 848 2477 verbera
881 2449 918 2477 et
949 2441 1140 2478 cruciatus
1161 2441 1286 2477 videre
1306 2439 1490 2487 potestis?

212 2495 351 2543 “quod
374 2494 433 2530 vix
455 2495 689 2531 Albanorum
710 2493 809 2530 oculi
830 2500 905 2530 tam
926 2494 1092 2531 deforme
1123 2492 1380 2543 spectaculum
1398 2490 1492 2528 ferre
