1617 2765
600 194 740 226 LIBER
761 193 856 224 XXI.
901 202 982 224 CAP.
1007 202 1070 223 vu.
1390 188 1463 228 169

182 291 285 330 tione
304 303 418 350 quum
438 290 475 326 in
495 301 612 325 unum
644 288 924 336 colligerentur,
959 285 1174 335 priusquam
1208 297 1254 321 ex
1280 292 1383 322 tanto
1402 298 1465 334 pa-

183 357 270 381 vore
290 343 500 391 reciperent
519 341 676 398 animos,
699 339 906 381 Hannibal,
942 338 1093 386 agmine
1113 337 1294 394 quadrato
1314 350 1462 373 amnem

184 396 386 444 ingressuS,
409 393 533 441 sugam
554 404 600 428 ex
619 392 697 440 ripa
718 391 829 427 fecit:
869 390 1095 437 vastatisque
1126 389 1236 437 agriS‚
1259 388 1355 424 intra
1376 401 1464 436 pau-

183 459 248 483 cos
267 447 347 482 dies
366 424 597 492 Carpetanos
616 455 762 491 quoque
796 443 833 478 in
854 441 1083 477 deditionem
1105 440 1264 488 accepit.
1322 440 1396 475 Et
1386 453 1463 487 jam

154 498 308 536 5omnia
327 504 429 534 trans
458 496 623 539 Iberum,
658 502 790 544 praeter
818 493 1058 543 Saguntinos,
1090 491 1463 541 Carthaginiensium

182 556 299 586 erant.

137 665 171 704 gg
235 654 305 691 VI.
336 654 435 691 Cum
456 654 678 703 Saguntinis
698 653 837 690 bellum
858 652 1026 690 nondum
1046 658 1149 688 erat·
1193 649 1372 687 eaeterum
1386 649 1463 699 jam

137 707 161 738 Ξ
183 706 270 742 belli
300 719 427 749 causa,
465 707 673 742 certamina
700 719 787 742 cum
828 705 995 741 finitimis
1032 704 1264 748 serebantur,
1303 701 1464 738 maxime

145 750 161 776 ‘⁵
183 757 436 794 Turdetanis:
466 758 600 806 quibus
618 771 731 815 quum
754 758 903 793 adesset
922 757 1034 801 idem,
1068 756 1131 804 qui
1160 756 1234 792 litis
1253 762 1333 790 erat
1353 762 1463 796 sator,

146 801 162 817 “
184 822 255 846 nec
275 817 465 846 certamen
483 810 589 858 juris,
610 810 675 846 sed
697 810 781 854 vim,
802 809 915 857 quaeri
937 815 1155 857 appareret3
1198 807 1311 855 legati
1346 819 1367 842 a
1398 807 1465 842 Sa-

139 863 163 910 ’,ᾗ
183 862 351 919 guntinis
368 862 533 898 Romam
555 862 668 906 missi,
689 861 869 897 auxilium
900 861 945 896 ad
977 860 1144 896 bellum
1132 872 1209 908 jam
1231 859 1331 895 haud
1351 857 1464 894 dubie

146 922 163 949 υ·
184 913 387 949 imminens
406 920 567 949 orantes.
607 913 792 949 Consules
811 920 902 948 tunc
924 913 1058 948 Romae
1078 919 1185 947 erant
1206 911 1245 947 P.
1264 910 1465 947 Cornelius

138 974 171 1005 Ρ,
185 965 313 1012 Scipio
332 971 369 1000 et
389 964 452 1000 Ti.
475 965 721 1012 Sempronius
741 965 896 1011 Longus
913 976 923 1007 ς
965 965 1026 1010 qui
1048 976 1176 1011 quum,
1198 963 1359 1011 legatis
1351 975 1388 997 in
1409 974 1466 997 se-

183 1022 313 1052 natum
347 1015 582 1055 introductis,
615 1015 662 1051 de
695 1015 889 1063 republica
927 1015 1155 1057 retulissent,
1189 1014 1464 1062 placuissetque

139 1072 170 1097 15
183 1067 277 1103 mitti
307 1067 450 1116 legatos
479 1067 516 1103 in
548 1067 771 1115 Hispaniam
802 1067 848 1103 ad
878 1079 937 1103 res
965 1067 1151 1103 sociorum
1183 1066 1463 1114 inspiciendasg

181 1119 316 1167 quibus
335 1119 366 1155 si
387 1119 574 1155 videretur
592 1119 708 1167 digna
723 1131 850 1162 causa,
881 1126 918 1155 et
951 1119 1161 1155 Hannibali
1181 1118 1463 1164 denuntiarent,

182 1178 222 1208 ut
242 1171 289 1207 ab
310 1171 543 1220 Saguntinis,
564 1172 677 1208 sociis
695 1171 821 1220 populi
853 1171 1032 1212 Romani,
1064 1171 1281 1216 abstineret,
1315 1177 1352 1206 et
1373 1170 1465 1206 Car-

181 1223 374 1272 thaginem
395 1223 432 1259 in
453 1223 622 1260 Africam
643 1224 872 1272 trajicerent,
904 1236 948 1259 ac
968 1223 1154 1259 sociorum
1178 1222 1303 1271 populi
1325 1222 1466 1258 Roma-

181 1275 219 1311 ni
239 1275 491 1323 querimonias
511 1275 711 1312 deferrent.
770 1275 855 1311 Hac
888 1275 1076 1324 legatione
1110 1276 1272 1319 decreta,
1298 1274 1464 1310 necdum

136 1330 168 1355 20
182 1327 306 1373 missa,
343 1327 512 1363 omniurn
541 1340 605 1376 spe
635 1327 794 1363 celerius
825 1328 1036 1376 Saguntum
1070 1327 1279 1376 oppugnari
1311 1326 1464 1362 allatum

180 1386 248 1415 est.
305 1378 420 1415 Tunc
441 1379 556 1416 relata
574 1392 621 1416 ex
653 1379 799 1429 integro
818 1392 877 1415 res
897 1380 942 1416 ad
963 1387 1147 1415 senatum.
1205 1379 1295 1424 Alii,
1316 1378 1465 1427 provin-

179 1431 258 1467 cias
277 1431 496 1468 consulibus
517 1431 739 1480 Hispaniam
761 1439 870 1479 atque
892 1432 1060 1468 Africam
1082 1432 1345 1476 decernentes,
1365 1431 1465 1468 terra

179 1482 347 1530 marique
376 1495 454 1519 rem
483 1484 690 1532 gerendam
719 1484 952 1520 censebant:
995 1483 1060 1519 alii
1079 1491 1197 1520 totum
1228 1483 1266 1519 in
1287 1483 1466 1531 Hispani-

179 1547 239 1571 am
268 1534 601 1583 Hannibalemque
630 1535 879 1572 intendebant
908 1536 1059 1572 bellum.
1135 1535 1266 1577 Erant,
1295 1535 1357 1583 qui
1387 1547 1464 1571 non

134 1589 322 1623 2⁵temere
355 1587 577 1623 movendam
606 1600 684 1624 rem
705 1595 861 1634 tantam,
890 1588 1240 1636 exspectandosque
1262 1600 1309 1623 ex
1329 1587 1465 1634 Hispa-

180 1638 242 1674 nia
262 1638 405 1687 legatos
425 1646 637 1676 censerent.
694 1640 791 1676 Haec
821 1640 1022 1683 sententia,
1053 1652 1136 1687 quae
1157 1640 1341 1675 tutissima
1364 1639 1465 1675 vide·-

181 1689 302 1732 batur,
322 1689 434 1726 vicit:
463 1690 650 1738 legatique
670 1690 714 1727 eo
735 1692 917 1728 maturius
943 1692 1060 1737 missi,
1094 1692 1134 1727 P.
1157 1691 1332 1727 Valerius
1354 1691 1464 1726 Flac-

181 1753 249 1778 cus
268 1748 306 1778 et
336 1741 389 1780 Q.
410 1741 561 1778 Baebius
591 1743 832 1791 Tamphilus,
866 1744 1079 1791 Saguntum
1114 1743 1160 1778 ad
1191 1742 1463 1788 Hannibalem,

181 1800 291 1841 atque
312 1793 399 1830 inde
419 1793 704 1842 Carthaginem,
725 1795 755 1830 si
776 1808 850 1831 non
872 1795 1114 1831 absisteretur
1127 1795 1237 1841 bello,
1258 1794 1304 1830 ad
1325 1794 1463 1830 ducem

135 1844 302 1894 ³⁰ipsum
323 1845 361 1882 in
382 1858 532 1894 poenam
554 1846 705 1882 foederis
724 1847 822 1895 rupti
843 1847 1138 1895 deposcendum.

233 1949 322 1986 VII.
361 1949 463 1986 Dum
483 1962 529 1987 ea
547 1950 712 1987 Romani
742 1958 875 2000 parant
894 1951 1195 2000 consultantque,
1218 1951 1296 2000 jam
1318 1951 1464 1999 Sagun-

179 2009 258 2038 tum
278 2003 424 2038 summa
444 2002 479 2038 vi
498 2003 797 2051 oppugnabatur.
855 2003 998 2040 Civitas
1020 2016 1065 2039 ea
1094 2003 1205 2052 longe
1224 2003 1464 2051 opulentissi-

185 2066 241 2090 ma
260 2054 357 2090 ultra
376 2054 529 2090 Iberum
549 2054 631 2098 fuit,
662 2054 732 2091 sita
751 2067 883 2104 passus
916 2055 1017 2091 mille
1039 2055 1154 2092 ferme
1175 2068 1196 2091 a
1215 2055 1320 2092 mari.
1376 2054 1464 2091 Ori-

181 2106 272 2142 undi
293 2119 315 2142 a
333 2105 536 2154 Zacyntho
556 2106 676 2142 insula
692 2107 883 2150 dicuntur,
919 2108 1098 2156 mixtique
1131 2107 1244 2143 etiam
1266 2107 1312 2143 ab
1333 2107 1463 2143 Ardea

137 2157 410 2194 ³5Rutulorum
430 2158 582 2206 quidam
607 2159 779 2207 generis:
819 2159 999 2195 caeterum
1030 2159 1068 2195 in
1098 2166 1222 2195 tantas
1251 2159 1353 2195 brevi
1383 2171 1463 2195 cre-

182 2216 312 2245 verant
338 2221 442 2257 opes,
472 2222 539 2245 seu
571 2210 781 2254 maritimis,
815 2224 881 2247 seu
909 2211 1148 2247 terrestribus
1176 2211 1373 2253 fructibus,
1395 2223 1462 2246 seu

182 2260 434 2297 multitudinis
453 2261 699 2306 incremento,
719 2275 786 2299 seu
805 2264 1004 2299 sanctitate
1020 2263 1239 2311 disciplinae,
1261 2265 1333 2310 qua
1349 2263 1462 2299 fidem

182 2312 360 2348 socialem
390 2324 507 2370 usquc
532 2313 581 2350 ad
609 2315 816 2362 perniciem
848 2328 953 2351 suam
984 2315 1194 2352 coluerunt.
1252 2314 1461 2357 Hannibal,

182 2364 318 2400 infesto
335 2365 506 2401 exercitu
525 2364 714 2414 ingressus
733 2367 840 2409 fines,
875 2367 1093 2415 pervastatis
1112 2367 1250 2416 passim
1271 2367 1382 2415 agris,
1405 2378 1464 2401 ur-

136 2427 170 2451 40
183 2416 269 2452 bem
289 2415 469 2464 tripartito
489 2417 713 2465 aggreditur.
769 2419 945 2467 Angulus
965 2420 1060 2455 muri
1089 2427 1169 2455 erat
1198 2419 1235 2455 in
1256 2418 1462 2466 planiorem

183 2468 515 2517 patentioremque,
535 2481 646 2515 quam
667 2477 803 2506 caetera
822 2471 937 2517 circi,
958 2471 1089 2507 vallem
1111 2483 1294 2519 vergens:
1334 2469 1447 2505 adver

529 2521 575 2556 15
