1617 2765
582 168 719 199 LIBER
743 168 902 198 XXXIV.
930 177 1070 199 CAP.11‚
1374 169 1446 206 251

166 275 262 306 rum,
283 262 467 300 contineri
487 262 616 298 limine
636 268 831 310 poterant:
870 274 1002 298 omnes
1032 262 1109 297 vias
1130 261 1232 297 urbis
1252 261 1449 310 aditusque

166 315 205 352 in
226 315 345 352 sorum
365 314 600 359 obsidebant,
622 314 718 350 viros
751 314 1030 350 descendentes
1062 313 1109 349 ad
1143 313 1263 349 forum
1283 320 1448 357 orantes,

165 374 219 414 ut,
240 367 394 403 florente
414 366 622 414 republica,
642 373 839 402 crescente
866 365 904 402 in
925 365 1006 401 dies
1025 365 1169 414 privata
1187 365 1356 401 omnium
1378 365 1450 402 for-

166 419 271 461 tuna,
292 418 471 454 matronis
489 431 636 466 quoque
656 418 855 466 pristinum
889 425 1062 454 ornatum
1093 416 1199 453 reddi
1219 423 1447 465 paterentur.

137 484 153 509 5
167 470 389 519 Augebatur
409 470 490 507 haeo
510 470 720 518 frequentia
739 470 939 507 mulierum
959 470 998 506 in
1018 469 1099 506 dies
1116 483 1125 505 ι
1162 481 1249 505 nam
1269 468 1383 504 etiam
1403 481 1450 505 ex

164 523 311 572 oppidis
347 522 682 571 conciliabulisque
711 522 1000 559 conveniebant.
1073 521 1159 558 Jam
1199 527 1237 557 et
1274 521 1451 557 consules

164 582 413 624 praetoresque
433 582 470 611 et
489 574 580 612 alios
600 574 839 624 magistratus
872 574 975 610 adire
1004 580 1041 610 et
1069 586 1200 623 rogare
1229 572 1421 609 audebant
1440 585 1449 608 ε

165 626 344 663 caeterum
391 627 546 663 minime
593 627 822 663 exorabilem
875 626 1033 663 alterum
1080 626 1208 674 utique
1254 624 1451 662 consulem

165 678 219 715 M.
241 678 418 716 Porcium
439 679 625 716 Catonem
646 679 849 723 habebant,
879 679 942 728 qui
971 692 1037 728 pro
1065 678 1163 728 lege,
1192 689 1275 726 quae
1296 677 1451 726 abroga-

121 744 151 768 10
165 730 286 778 batur,
308 731 360 768 ita
378 731 555 768 disseruit
573 744 580 768 :

218 835 272 872 ΙΙ.
302 835 382 872 “Si
402 836 441 873 in
461 837 530 873 sua
548 836 704 885 quisque
731 835 903 874 nostrum
933 835 1233 879 matre-familiae,
1262 833 1449 877 Quirites,

165 888 260 937 “jus
294 895 331 925 et
359 888 592 937 majestatem
632 889 697 926 viri
728 889 891 926 retinere
934 889 1169 931 instituisset,
1207 887 1334 924 minus
1362 899 1451 923 cum

165 940 388 977 “universis
417 941 582 977 foeminis
614 941 755 990 negotii
789 942 1026 977 haberemus.
1083 940 1201 977 Nunc
1220 939 1321 976 domi
1351 938 1451 975 victa

163 992 354 1028 “libertas
373 999 499 1029 nostra
517 993 738 1041 impotentia
758 993 946 1036 muliebri,
981 994 1044 1029 hic
1063 1004 1209 1040 quoque
1230 992 1268 1027 in
1289 991 1367 1027 foro
1385 990 1451 1027 ob-

120 1045 187 1084 15“
201 1044 332 1081 teritur
360 1050 399 1081 et
426 1044 594 1081 calcatur
611 1057 619 1081 :
666 1052 715 1088 et,
735 1044 824 1093 quia
842 1045 1011 1094 singulas
1031 1044 1216 1081 sustinere
1235 1056 1312 1080 non
1334 1042 1452 1091 potui-

163 1098 188 1120 “
201 1109 298 1144 mus,
327 1096 521 1133 universas
556 1097 763 1134 horremus.
836 1097 1026 1145 Equidem
1063 1096 1229 1133 fabulam
1257 1102 1296 1132 et
1323 1095 1450 1131 fictam

163 1151 280 1185 “rem
301 1149 489 1185 ducebam
509 1162 605 1193 esse,
626 1149 789 1186 virorum
821 1162 933 1186 omne
963 1162 1084 1198 genus
1113 1149 1152 1185 in
1173 1148 1297 1196 aliqua
1326 1147 1450 1183 insula

163 1201 462 1250 “conjuratione
491 1201 666 1238 muliebri
695 1202 742 1238 ab
771 1202 885 1250 stirpe
905 1202 1093 1238 sublatum
1112 1213 1207 1237 esse.
1265 1200 1328 1236 Ab
1346 1199 1451 1236 nullo

163 1255 341 1302 “genere
361 1266 436 1290 non
456 1266 644 1290 summum
675 1254 885 1302 periculum
905 1261 975 1301 est,
1004 1254 1035 1290 si
1055 1261 1187 1298 coetus,
1207 1259 1244 1289 et
1273 1251 1448 1297 concilia,

117 1308 238 1344 20“et
257 1312 422 1342 secretas
452 1306 747 1343 consultationes
766 1319 848 1343 esse
878 1306 991 1342 sinas.
1048 1306 1175 1354 Atque
1195 1317 1266 1353 ego
1286 1304 1347 1340 vix
1375 1310 1448 1340 sta—

163 1360 306 1395 “tuere
326 1358 424 1406 apud
444 1359 613 1395 animum
634 1371 760 1395 meum
789 1371 953 1407 possum,
983 1359 1113 1395 utrttm
1142 1358 1244 1406 pejor
1277 1357 1358 1405 ipsa
1376 1368 1449 1403 res,

163 1413 249 1446 “an
269 1411 394 1459 pejore
414 1411 585 1459 exemplo
606 1419 763 1459 agatur:
809 1424 966 1459 quorum
999 1411 1157 1447 alterum
1188 1410 1235 1446 ad
1262 1422 1330 1446 nos
1359 1421 1450 1445 con-

163 1462 300 1499 “sules
336 1463 572 1511 reliquosque
610 1463 862 1512 magistratus,
891 1463 1050 1500 alterum
1088 1463 1135 1498 ad
1157 1474 1232 1505 vos,
1260 1461 1448 1504 Quirites,

162 1516 187 1536 “
201 1514 320 1564 magis
340 1515 556 1563 pertineret.
613 1515 715 1552 Nam
736 1514 859 1552 utrum
879 1528 899 1551 e
920 1529 959 1552 re
979 1515 1130 1563 publica
1150 1514 1208 1557 sit,
1235 1526 1374 1559 necne,
1395 1512 1446 1556 id,

116 1567 298 1614 25“quod
318 1567 365 1604 ad
386 1579 449 1604 vos
479 1568 608 1610 fertur,
641 1574 762 1604 vestra
781 1568 1009 1605 existimatio
1038 1574 1107 1613 est,
1127 1566 1190 1615 qui
1220 1566 1259 1602 in
1279 1564 1450 1614 suffragi-

163 1621 187 1641 “
202 1631 265 1655 um
303 1619 389 1655 ituri
417 1620 519 1656 estis.
593 1619 691 1659 Haec
733 1620 987 1657 consternatio
1026 1619 1234 1665 muliebris,
1273 1618 1350 1655 sive
1380 1618 1449 1654 sua

162 1673 187 1693 “
201 1678 345 1719 sponte,
375 1671 452 1708 sive
485 1672 704 1708 auctoribus
731 1673 849 1716 vobis,
880 1672 934 1709 M.
956 1671 1133 1708 Fundani
1162 1678 1200 1707 et
1228 1670 1271 1707 L.
1303 1669 1447 1713 Valeri,

163 1723 300 1759 “facta
315 1730 383 1769 est,
404 1724 505 1760 haud
525 1724 639 1760 dubie
668 1724 714 1760 ad
745 1724 895 1773 culpam
922 1724 1209 1773 magistratuum
1238 1722 1448 1771 pertinenS‚

163 1775 344 1819 “riescio,
365 1775 480 1821 vobis,
500 1775 654 1819 tribuni,
685 1788 732 1812 an
761 1776 994 1820 consulibus,
1024 1776 1146 1824 magis
1165 1775 1212 1811 sit
1241 1774 1446 1812 deformis:

115 1836 147 1861 30
163 1828 188 1850 “
201 1827 316 1873 vobis,
337 1828 367 1864 si
387 1828 560 1865 foeminas
580 1828 626 1864 ad
647 1829 894 1865 concitandas
910 1828 1133 1865 tribunicias
1149 1827 1354 1864 seditiones
1370 1826 1448 1875 jam

162 1881 187 1902 “
203 1880 436 1924 adduxistis3
467 1880 588 1926 nobis,
617 1880 661 1923 si,
692 1888 732 1917 ut
751 1881 870 1929 plebis
889 1881 1092 1929 quondam,
1118 1880 1174 1916 sic
1193 1892 1297 1916 nunc
1316 1878 1450 1916 mulie-

162 1932 283 1968 “rum
312 1933 526 1969 secessione
567 1933 671 1981 leges
713 1933 948 1981 accipiendae
976 1939 1074 1969 sunt.
1149 1931 1338 1980 Equidem
1372 1943 1448 1967 non

163 1986 188 2006 ‘⁶
201 1985 282 2020 sine
302 1985 437 2022 rubore
456 1985 619 2033 quodam
645 1984 755 2033 paul&
781 1985 866 2021 ante
886 1998 951 2034 per
971 1985 1138 2021 medium
1160 1996 1296 2033 agmen
1317 1982 1449 2020 mulie-

163 2038 283 2072 “rum
312 2037 350 2073 in
379 2037 497 2074 sorum
517 2037 683 2086 perveni.
738 2036 855 2077 Quod
877 2038 946 2074 nisi
969 2050 1028 2073 me
1063 2037 1291 2073 verecundia
1320 2035 1448 2083 singu-

117 2088 320 2124 ae‘sslarum
349 2089 469 2138 magis
511 2089 715 2138 majestatis
757 2097 794 2126 et
821 2090 985 2138 pudoris,
1028 2088 1142 2137 quam
1173 2088 1446 2130 universarum,

163 2142 188 2163 ‘⁶
201 2141 398 2184 tenuisset,
427 2154 476 2178 ne
504 2142 736 2190 compellatae
757 2155 778 2178 a
797 2142 952 2179 consule
984 2142 1213 2187 viderentur,
1242 2140 1446 2177 dixissem:

163 2191 306 2232 “‘Qui
327 2193 389 2230 hic
408 2206 489 2230 mos
508 2201 565 2230 est
593 2194 631 2230 in
663 2195 857 2243 publicum
891 2193 1151 2243 procurrendi,
1180 2200 1219 2230 et
1246 2191 1447 2230 obsidendi

164 2247 188 2267 “
203 2245 318 2289 ‘vias,
338 2252 376 2282 et
394 2246 491 2283 viros
511 2246 652 2284 alienos
672 2247 884 2296 appellandi
902 2249 916 2283 ἵ
973 2246 1079 2283 Istud
1101 2246 1222 2294 ipsum
1242 2258 1329 2282 suos
1348 2256 1448 2292 quae-

164 2299 189 2320 “
203 2300 297 2346 ‘que
316 2297 418 2334 domi
437 2311 568 2348 rogare
588 2312 662 2336 non
683 2300 884 2348 potuistis?
941 2299 1005 2336 An
1037 2298 1251 2335 blandiores
1284 2298 1323 2334 in
1354 2295 1449 2345 pub-

119 2349 300 2387 -2o“‘lico
341 2349 454 2399 quam
493 2351 531 2387 in
560 2351 713 2399 privato,
752 2360 790 2389 et
829 2352 963 2389 alienis
991 2351 1103 2399 quam
1146 2350 1291 2393 vestris,
1321 2347 1446 2385 estis'!

165 2404 451 2451 “‘quamquam
471 2416 519 2440 ne
539 2404 640 2440 domi
659 2405 811 2453 quidem
844 2417 920 2448 vos,
954 2404 985 2440 si
1005 2404 1061 2440 sui
1092 2403 1186 2453 juris
1216 2402 1354 2439 finibus
1374 2411 1450 2435 ma-

164 2457 352 2492 “‘tronas
372 2455 583 2494 contineret
609 2458 741 2506 pudor,
771 2470 853 2507 quae
881 2457 985 2507 leges
1004 2456 1066 2493 hic
1085 2462 1320 2505 rogarentur,
1346 2452 1449 2489 abro-
