1617 2765
124 155 204 192 224
675 155 767 185 T1T1
791 154 902 185 len

126 261 224 285 mam
246 255 460 292 arcessant3
503 248 693 285 delectum
724 249 859 285 Romae
888 249 1074 292 habeant3
1115 247 1320 284 exercitum
1346 258 1406 283 ur-

126 301 265 338 banum
287 302 333 337 ad
354 301 537 338 Narniam
573 301 668 337 hosti
697 308 899 349 opponant.
959 301 1053 336 Haec
1083 300 1229 336 senatui
1255 299 1404 347 scripta.

126 353 315 390 Praemissi
336 354 422 390 item
444 365 509 401 per
529 365 659 402 agrum
680 353 911 396 Larinatem,
944 352 1217 397 Marrucinum,
1252 351 1408 387 Frenta-

126 418 231 449 num,
255 406 536 448 Praetutianum,
557 407 627 452 qua
647 405 854 441 exercitum
885 406 1067 441 ducturus
1095 411 1186 447 erat,
1217 411 1257 440 ut
1276 415 1409 440 omnes

126 469 173 494 ex
191 458 290 506 agris
310 458 539 504 urbibusque
559 464 791 492 commeatus
810 465 956 504 paratos
983 457 1089 492 militi
1111 457 1156 492 ad
1178 456 1407 491 vescendum
1436 464 1453 489 5

127 509 165 546 in
187 510 285 545 viam
318 510 519 553 deferrent,
551 521 666 556 equos
699 509 944 557 jumentaque
975 509 1047 545 alia
1075 508 1337 556 producerent,
1369 513 1410 543 ut

126 561 383 597 vehiculorum
406 560 512 596 fessis
541 560 649 608 copia
677 569 786 596 esset.
844 560 930 608 Ipse
950 561 996 596 de
1025 568 1102 597 toto
1129 560 1298 596 exercitu
1320 559 1411 595 civi-

127 626 190 649 um
211 613 485 660 sociorumque,
505 612 602 659 quod
625 612 766 647 roboris
786 620 877 658 erat,
911 613 1063 661 delegit,
1085 625 1149 648 sex
1171 612 1286 647 millia
1306 611 1410 659 pedi-

127 673 219 711 tum,
257 665 358 701 mille
399 664 569 711 equites:
617 664 844 711 pronuntiat,
882 676 1069 712 occupare
1105 677 1144 700 se
1174 664 1211 699 in
1243 663 1411 699 Lucanis

127 717 334 765 proximam
355 716 485 752 urbem
507 715 769 762 Punicumque
790 715 826 750 in
847 717 891 750 ea
911 716 1126 763 praesidium
1147 715 1262 758 velle;
1303 722 1343 750 ut
1363 715 1455 750 adm

127 769 196 804 iter
215 768 333 816 parati
352 780 483 804 omnes
503 774 640 803 essent.
684 766 880 803 Profectus
900 774 1010 803 nocte
1031 767 1133 802 flexit
1153 767 1190 802 in
1212 767 1410 802 Picenum.

128 820 177 856 Et
210 819 341 856 consul
371 819 534 866 quidem,
563 819 713 866 quantis
742 819 915 854 maximis
952 819 1149 855 itineribus
1178 825 1332 867 poterat,
1363 818 1410 854 ad

128 871 310 921 collegam
342 871 517 917 ducebat,
548 871 680 907 relicto
710 870 762 909 Q.
785 870 894 907 Catio
914 870 1049 919 legato,
1069 871 1133 919 qui
1162 871 1293 907 castris
1321 882 1412 919 prae-

129 931 239 960 esset.

181 1028 326 1065 XLIV.
357 1028 493 1065 Romae
513 1028 612 1064 haud
627 1028 752 1064 minus
768 1028 918 1064 terroris
939 1041 983 1064 ac
999 1027 1179 1064 tumultus
1191 1035 1283 1074 erat,
1297 1026 1410 1076 quam
1426 1035 1456 1060 15

133 1081 254 1117 fuerat
275 1080 427 1116 biennio
447 1080 546 1123 ante,
581 1093 697 1128 quum
731 1089 854 1116 castra
874 1081 1019 1116 Punica
1046 1080 1196 1128 objecta
1224 1080 1412 1116 Romanis

129 1133 316 1168 moenibus
336 1132 524 1180 portisque
558 1132 726 1168 fuerant:
771 1145 893 1179 neque
926 1132 1015 1168 satis
1045 1131 1242 1168 constabat
1261 1132 1410 1174 animis,

129 1192 204 1220 tam
239 1184 361 1219 audax
382 1183 449 1219 iter
469 1183 635 1219 consulis
653 1183 850 1220 laudarent
870 1183 1186 1232 vituperarentne.
1243 1184 1413 1231 Appare-

130 1236 192 1272 bat
230 1235 321 1285 (quo
355 1235 447 1271 nihil
483 1235 646 1283 iniquius
665 1237 738 1286 est)
774 1248 821 1272 ex
849 1245 985 1271 eventu
1016 1236 1151 1271 famam
1183 1235 1411 1272 habiturum.

131 1295 155 1311 “
170 1287 303 1324 Castra
319 1300 432 1336 prope
466 1287 721 1323 Hannibalem
753 1288 898 1324 hostem
918 1287 1050 1324 relicta
1082 1288 1163 1323 sine
1193 1288 1302 1333 duce,
1325 1294 1458 1324 cum2⁰

131 1339 350 1382 “exercitu,
380 1339 442 1375 cui
479 1340 691 1375 detractum
723 1339 816 1376 foret
846 1352 972 1385 omne,
1001 1340 1099 1388 quod
1129 1340 1284 1386 roboris,
1313 1341 1412 1388 quod

130 1399 154 1415 ‘⁶
169 1392 267 1428 floris
288 1391 425 1435 fuerit3
454 1399 491 1428 et
503 1391 698 1428 consulem
719 1392 756 1428 in
777 1392 953 1428 Lucanos
966 1392 1174 1429 ostendisse
1196 1392 1277 1438 iter,
1297 1405 1412 1440 quum

131 1451 155 1467 “
170 1444 354 1480 Picenum
389 1452 426 1480 et
460 1444 621 1480 Galliam
659 1451 813 1492 peteret,
852 1452 975 1480 castra
1004 1445 1279 1492 relinquentem
1309 1444 1413 1480 uuila

130 1496 236 1532 “alia
259 1509 298 1532 re
318 1496 466 1542 tutiora,
486 1496 596 1543 quam
626 1508 749 1532 errore
781 1496 908 1541 hostis,
939 1496 1001 1544 qui
1035 1496 1172 1532 ducem
1193 1496 1280 1532 inde
1302 1503 1412 1544 atque

130 1548 357 1584 “exercitus
376 1556 518 1595 partem
550 1548 681 1583 abesse
712 1548 912 1596 ignoraret.
967 1548 1075 1586 Quid
1110 1548 1289 1593 futurum,
1324 1548 1354 1584 si
1375 1548 1457 1584 idm

130 1599 289 1648 “palam
310 1599 404 1635 fiat?
435 1607 472 1636 et
491 1608 555 1636 aut
575 1600 721 1648 insequi
742 1600 950 1643 Neronem,
981 1613 1067 1636 cum
1089 1612 1155 1636 sex
1173 1600 1338 1635 millibus
1359 1612 1414 1636 ar-

130 1658 153 1674 “
169 1659 352 1688 matorum
373 1652 595 1700 profectum,
619 1652 811 1688 Hannibal
843 1659 919 1688 toto
938 1652 1108 1688 exercitu
1129 1652 1228 1698 velit,
1250 1658 1314 1688 aut
1333 1664 1413 1688 eas-

129 1710 222 1740 “tra
259 1704 448 1749 invadere,
485 1704 621 1751 praedae
657 1704 800 1747 relicta,
837 1705 918 1740 sine
951 1705 1103 1751 viribus,
1133 1704 1213 1740 sine
1244 1704 1412 1752 imperio,

130 1762 152 1778 “
167 1756 247 1792 sine
267 1756 436 1804 auspicio
452 1756 466 1791 Τ
481 1756 504 1772 ”
560 1756 719 1792 Veteres
738 1757 820 1805 ejus
853 1757 939 1793 belli
973 1757 1114 1799 clades,
1144 1757 1219 1793 duo
1239 1756 1414 1793 consules

127 1808 296 1856 proximo
316 1820 415 1844 anuo
435 1807 637 1854 interfecti,
659 1809 849 1845 terrebant
865 1821 873 1844 :
905 1816 929 1831 ‘⁴
946 1809 994 1845 Et
1010 1822 1054 1844 ea
1069 1809 1197 1844 omnia
1213 1808 1411 1854 accidisse,
1425 1813 1458 1838 8⁰

129 1866 281 1907 “quum
313 1872 409 1894 unus
447 1860 661 1907 imperator,
696 1873 793 1896 unus
823 1861 1011 1896 exercitus
1041 1860 1202 1896 hostium
1234 1860 1271 1895 in
1301 1859 1413 1896 Italia

129 1918 290 1947 “esset:
321 1923 424 1946 nunc
444 1911 518 1947 duo
549 1911 646 1946 bella
667 1912 812 1947 Punica
841 1912 952 1953 facta,
974 1912 1068 1948 duos
1102 1911 1276 1960 ingentes
1309 1923 1413 1948 exer-

129 1963 277 2008 “citus,
315 1963 408 1998 duos
438 1963 549 2011 prope
581 1962 816 1998 Hannibales
846 1964 883 1999 in
914 1963 1026 1999 Italia
1054 1976 1162 1999 esse:
1209 1964 1346 2012 quippe
1374 1970 1412 2000 et

129 2014 458 2060 “Hasdrubalem,
479 2022 583 2063 patre
602 2015 735 2050 eodem
758 2015 972 2051 Hamilcare
1005 2015 1188 2063 genitum,
1211 2016 1314 2063 aeque
1344 2016 1412 2052 im-

130 2067 315 2115 “pigrum
335 2067 471 2102 ducem
493 2079 557 2115 per
583 2074 636 2103 tot
657 2067 693 2102 in
728 2067 913 2115 Hispania
948 2080 1066 2104 annos
1102 2068 1277 2104 Romano
1308 2073 1458 2104 exer-³⁵

130 2119 323 2154 “citatum
345 2119 454 2161 bello,
475 2119 626 2167 gemina
648 2119 799 2155 victoria
833 2119 1034 2167 insignem,
1070 2120 1216 2156 duobus
1236 2120 1412 2157 exerciti-

131 2177 154 2193 “
168 2171 238 2206 bus
257 2183 344 2206 cum
365 2170 584 2207 clarissimis
603 2171 764 2207 ducibus
784 2171 928 2207 deletis.
972 2171 1072 2207 Nam
1094 2172 1239 2208 itineris
1258 2173 1410 2220 quidem

131 2222 359 2259 “celeritate
379 2235 426 2258 ex
448 2222 646 2270 Hispania,
667 2230 703 2259 et
722 2223 920 2259 concitatis
949 2224 995 2259 ad
1025 2236 1128 2260 arma
1147 2225 1303 2261 Gallicis
1322 2236 1412 2273 gen-

131 2274 280 2318 “tibus‚
303 2272 420 2310 multe>
440 2275 570 2322 magis,
595 2276 710 2322 quam
734 2275 986 2311 Hannibalem
1010 2275 1308 2324 ipsum‚glor1ari
1330 2288 1412 2324 pos-

131 2332 154 2349 ‘⁴
169 2339 234 2362 se:
272 2326 408 2374 quippe
429 2326 466 2361 in
502 2327 545 2362 iis
574 2326 666 2362 locis
688 2327 789 2363 hunc
823 2328 991 2375 cois-gisse
1024 2329 1244 2374 exercitum,
1274 2328 1410 2376 quibus
1423 2332 1455 2358 ⁴⁰

132 2378 229 2414 “ille
250 2378 427 2426 majorem
447 2386 590 2426 partem
613 2379 771 2415 militum
806 2379 902 2415 same
933 2393 976 2416 ac
997 2380 1146 2427 frigore,
1179 2393 1261 2428 quae
1282 2380 1409 2416 miser-

133 2431 263 2466 “rima
292 2429 419 2466 mortis
437 2442 578 2478 genera
610 2438 707 2473 sunt,
742 2431 963 2468 amisisset.'⁷
1023 2432 1266 2480 Adjiciebant
1295 2432 1409 2468 etiam
