<?xml version="1.0" encoding="UTF-8"?>
<!DOCTYPE html PUBLIC "-//W3C//DTD XHTML 1.0 Transitional//EN"
    "http://www.w3.org/TR/xhtml1/DTD/xhtml1-transitional.dtd">
<html xmlns="http://www.w3.org/1999/xhtml" xml:lang="en" lang="en">
 <head>
  <title>
</title>
<meta http-equiv="Content-Type" content="text/html;charset=utf-8" />
  <meta name='ocr-system' content='tesseract 3.04.00' />
  <meta name='ocr-capabilities' content='ocr_page ocr_carea ocr_par ocr_line ocrx_word'/>
</head>
<body>
  <div class='ocr_page' id='page_1' title='image "./historiarumliber00livyuoft_0205.png"; bbox 0 0 1617 2765; ppageno 0'>
   <div class='ocr_carea' id='block_1_1' title="bbox 582 184 1482 222">
    <p class='ocr_par' dir='ltr' id='par_1_1' title="bbox 582 184 1482 222">
     <span class='ocr_line' id='line_1_1' title="bbox 582 184 1482 222; baseline -0.007 -4"><span class='ocrx_word' id='word_1_1' title='bbox 582 187 717 218; x_wconf 85' lang='lat' dir='ltr'>LIBER</span> <span class='ocrx_word' id='word_1_2' title='bbox 741 185 834 216; x_wconf 84' lang='lat' dir='ltr'>XXI.</span> <span class='ocrx_word' id='word_1_3' title='bbox 862 194 942 216; x_wconf 74' lang='lat' dir='ltr'>CAP.</span> <span class='ocrx_word' id='word_1_4' title='bbox 960 194 1054 216; x_wconf 59' lang='grc' dir='ltr'>κων.</span> <span class='ocrx_word' id='word_1_5' title='bbox 1408 184 1482 222; x_wconf 75' lang='grc'>187</span> 
     </span>
    </p>
   </div>
   <div class='ocr_carea' id='block_1_2' title="bbox 162 277 1491 1421">
    <p class='ocr_par' dir='ltr' id='par_1_2' title="bbox 162 277 1491 1421">
     <span class='ocr_line' id='line_1_2' title="bbox 210 277 1483 328; baseline -0.002 -12"><span class='ocrx_word' id='word_1_6' title='bbox 210 280 335 318; x_wconf 86' lang='lat' dir='ltr'>“victi</span> <span class='ocrx_word' id='word_1_7' title='bbox 354 288 450 318; x_wconf 88' lang='lat' dir='ltr'>sunt.</span> <span class='ocrx_word' id='word_1_8' title='bbox 507 280 608 317; x_wconf 90' lang='lat' dir='ltr'>Nam</span> <span class='ocrx_word' id='word_1_9' title='bbox 627 280 778 328; x_wconf 88' lang='lat' dir='ltr'>dempto</span> <span class='ocrx_word' id='word_1_10' title='bbox 797 280 868 316; x_wconf 91' lang='lat' dir='ltr'>hoc</span> <span class='ocrx_word' id='word_1_11' title='bbox 888 292 964 315; x_wconf 91' lang='lat' dir='ltr'>uno</span> <span class='ocrx_word' id='word_1_12' title='bbox 985 278 1127 327; x_wconf 77' lang='lat' dir='ltr'><strong>fulgore</strong></span> <span class='ocrx_word' id='word_1_13' title='bbox 1158 277 1321 314; x_wconf 84' lang='lat' dir='ltr'>nominis</span> <span class='ocrx_word' id='word_1_14' title='bbox 1341 277 1483 314; x_wconf 86' lang='lat' dir='ltr'>Roma-</span> 
     </span>
     <span class='ocr_line' id='line_1_3' title="bbox 210 328 1483 380; baseline -0.003 -11"><span class='ocrx_word' id='word_1_15' title='bbox 210 333 299 379; x_wconf 92' lang='lat' dir='ltr'>“ni‚</span> <span class='ocrx_word' id='word_1_16' title='bbox 332 333 420 380; x_wconf 92' lang='lat' dir='ltr'>quid</span> <span class='ocrx_word' id='word_1_17' title='bbox 449 339 516 377; x_wconf 88' lang='lat' dir='ltr'>est,</span> <span class='ocrx_word' id='word_1_18' title='bbox 549 345 617 368; x_wconf 88' lang='lat' dir='ltr'>cur</span> <span class='ocrx_word' id='word_1_19' title='bbox 646 332 698 367; x_wconf 92' lang='lat' dir='ltr'>illi</span> <span class='ocrx_word' id='word_1_20' title='bbox 731 331 834 367; x_wconf 84' lang='lat' dir='ltr'>vobis</span> <span class='ocrx_word' id='word_1_21' title='bbox 864 330 1106 378; x_wconf 86' lang='lat' dir='ltr'>comparandi</span> <span class='ocrx_word' id='word_1_22' title='bbox 1135 330 1236 365; x_wconf 66' lang='lat' dir='ltr'>sint?</span> <span class='ocrx_word' id='word_1_23' title='bbox 1295 328 1344 365; x_wconf 95' lang='lat' dir='ltr'>Ut</span> <span class='ocrx_word' id='word_1_24' title='bbox 1364 330 1483 378; x_wconf 81' lang='lat' dir='ltr'>vigin-</span> 
     </span>
     <span class='ocr_line' id='line_1_4' title="bbox 209 381 1482 424; baseline -0.004 -4"><span class='ocrx_word' id='word_1_25' title='bbox 209 384 273 420; x_wconf 90' lang='lat' dir='ltr'>“ti</span> <span class='ocrx_word' id='word_1_26' title='bbox 315 396 498 420; x_wconf 88' lang='lat' dir='ltr'>annorum</span> <span class='ocrx_word' id='word_1_27' title='bbox 535 383 707 420; x_wconf 89' lang='lat' dir='ltr'>militiam</span> <span class='ocrx_word' id='word_1_28' title='bbox 754 390 910 419; x_wconf 85' lang='lat' dir='ltr'>vestram</span> <span class='ocrx_word' id='word_1_29' title='bbox 958 395 1043 418; x_wconf 86' lang='lat' dir='ltr'>cum</span> <span class='ocrx_word' id='word_1_30' title='bbox 1093 381 1156 417; x_wconf 74' lang='lat' dir='ltr'>illa</span> <span class='ocrx_word' id='word_1_31' title='bbox 1202 381 1348 424; x_wconf 82' lang='lat' dir='ltr'>virtute,</span> <span class='ocrx_word' id='word_1_32' title='bbox 1395 393 1482 416; x_wconf 88' lang='lat' dir='ltr'>cum</span> 
     </span>
     <span class='ocr_line' id='line_1_5' title="bbox 209 431 1484 479; baseline -0.002 -8"><span class='ocrx_word' id='word_1_33' title='bbox 209 435 305 471; x_wconf 54' lang='lat' dir='ltr'>“illst</span> <span class='ocrx_word' id='word_1_34' title='bbox 335 435 480 477; x_wconf 75' lang='lat' dir='ltr'>fortuna</span> <span class='ocrx_word' id='word_1_35' title='bbox 509 442 684 479; x_wconf 85' lang='lat' dir='ltr'>taceam;</span> <span class='ocrx_word' id='word_1_36' title='bbox 731 435 778 471; x_wconf 87' lang='lat' dir='ltr'>ab</span> <span class='ocrx_word' id='word_1_37' title='bbox 816 434 993 470; x_wconf 82' lang='lat' dir='ltr'>Herculis</span> <span class='ocrx_word' id='word_1_38' title='bbox 1022 432 1218 477; x_wconf 85' lang='lat' dir='ltr'>columnis,</span> <span class='ocrx_word' id='word_1_39' title='bbox 1250 432 1296 467; x_wconf 88' lang='lat' dir='ltr'>ab</span> <span class='ocrx_word' id='word_1_40' title='bbox 1325 431 1484 469; x_wconf 80' lang='lat' dir='ltr'>Oceano</span> 
     </span>
     <span class='ocr_line' id='line_1_6' title="bbox 178 483 1485 534; baseline -0.002 -12"><span class='ocrx_word' id='word_1_41' title='bbox 178 492 232 534; x_wconf 76' lang='lat'>5⁴⁴</span> <span class='ocrx_word' id='word_1_42' title='bbox 245 486 488 534; x_wconf 86' lang='lat' dir='ltr'>terminisque</span> <span class='ocrx_word' id='word_1_43' title='bbox 508 487 648 523; x_wconf 85' lang='lat' dir='ltr'>ultimis</span> <span class='ocrx_word' id='word_1_44' title='bbox 675 495 870 529; x_wconf 83' lang='lat' dir='ltr'>terrarum,</span> <span class='ocrx_word' id='word_1_45' title='bbox 899 498 965 534; x_wconf 88' lang='lat' dir='ltr'>per</span> <span class='ocrx_word' id='word_1_46' title='bbox 995 492 1048 521; x_wconf 86' lang='lat' dir='ltr'>tot</span> <span class='ocrx_word' id='word_1_47' title='bbox 1068 484 1320 520; x_wconf 88' lang='lat' dir='ltr'>ferocissimos</span> <span class='ocrx_word' id='word_1_48' title='bbox 1349 483 1485 532; x_wconf 86' lang='lat' dir='ltr'>Hispa-</span> 
     </span>
     <span class='ocr_line' id='line_1_7' title="bbox 208 536 1486 596; baseline -0.003 -22"><span class='ocrx_word' id='word_1_49' title='bbox 208 538 317 574; x_wconf 84' lang='lat' dir='ltr'>“niae</span> <span class='ocrx_word' id='word_1_50' title='bbox 337 545 374 574; x_wconf 91' lang='lat' dir='ltr'>et</span> <span class='ocrx_word' id='word_1_51' title='bbox 392 538 525 574; x_wconf 82' lang='lat' dir='ltr'>Galliae</span> <span class='ocrx_word' id='word_1_52' title='bbox 553 539 721 596; x_wconf 81' lang='lat' dir='ltr'>populos,</span> <span class='ocrx_word' id='word_1_53' title='bbox 743 539 937 574; x_wconf 87' lang='lat' dir='ltr'>vincentes</span> <span class='ocrx_word' id='word_1_54' title='bbox 958 538 1032 573; x_wconf 88' lang='lat' dir='ltr'>huc</span> <span class='ocrx_word' id='word_1_55' title='bbox 1060 536 1303 585; x_wconf 87' lang='lat' dir='ltr'>pervenistis:</span> <span class='ocrx_word' id='word_1_56' title='bbox 1342 547 1486 583; x_wconf 83' lang='lat' dir='ltr'>pugna-</span> 
     </span>
     <span class='ocr_line' id='line_1_8' title="bbox 208 587 1486 637; baseline -0.002 -11"><span class='ocrx_word' id='word_1_57' title='bbox 208 596 232 612; x_wconf 89' lang='lat'><strong>“</strong></span> <span class='ocrx_word' id='word_1_58' title='bbox 247 590 333 626; x_wconf 89' lang='lat' dir='ltr'>bitis</span> <span class='ocrx_word' id='word_1_59' title='bbox 351 602 438 626; x_wconf 89' lang='lat' dir='ltr'>cum</span> <span class='ocrx_word' id='word_1_60' title='bbox 458 590 626 626; x_wconf 83' lang='lat' dir='ltr'>exercitu</span> <span class='ocrx_word' id='word_1_61' title='bbox 645 591 779 636; x_wconf 87' lang='lat' dir='ltr'>tirone,</span> <span class='ocrx_word' id='word_1_62' title='bbox 800 590 871 625; x_wconf 87' lang='lat' dir='ltr'>hac</span> <span class='ocrx_word' id='word_1_63' title='bbox 904 589 1016 637; x_wconf 92' lang='lat' dir='ltr'>ipsa</span> <span class='ocrx_word' id='word_1_64' title='bbox 1005 596 1132 624; x_wconf 65' lang='lat' dir='ltr'>aestate</span> <span class='ocrx_word' id='word_1_65' title='bbox 1152 600 1263 630; x_wconf 83' lang='lat' dir='ltr'>caeso,</span> <span class='ocrx_word' id='word_1_66' title='bbox 1284 587 1393 632; x_wconf 90' lang='lat' dir='ltr'>victo,</span> <span class='ocrx_word' id='word_1_67' title='bbox 1414 587 1486 623; x_wconf 87' lang='lat' dir='ltr'>cir-</span> 
     </span>
     <span class='ocr_line' id='line_1_9' title="bbox 207 639 1485 697; baseline -0.002 -20"><span class='ocrx_word' id='word_1_68' title='bbox 207 647 436 678; x_wconf 85' lang='lat' dir='ltr'>“cumsesso</span> <span class='ocrx_word' id='word_1_69' title='bbox 466 655 488 678; x_wconf 87' lang='lat' dir='ltr'>a</span> <span class='ocrx_word' id='word_1_70' title='bbox 515 642 646 688; x_wconf 85' lang='lat' dir='ltr'>Gallis,</span> <span class='ocrx_word' id='word_1_71' title='bbox 680 643 808 691; x_wconf 86' lang='lat' dir='ltr'>ignoto</span> <span class='ocrx_word' id='word_1_72' title='bbox 837 642 961 677; x_wconf 89' lang='lat' dir='ltr'>adhuc</span> <span class='ocrx_word' id='word_1_73' title='bbox 994 641 1083 676; x_wconf 88' lang='lat' dir='ltr'>duci</span> <span class='ocrx_word' id='word_1_74' title='bbox 1112 653 1193 683; x_wconf 90' lang='lat' dir='ltr'>suo,</span> <span class='ocrx_word' id='word_1_75' title='bbox 1224 639 1485 697; x_wconf 82' lang='lat' dir='ltr'>ignorantique</span> 
     </span>
     <span class='ocr_line' id='line_1_10' title="bbox 207 692 1485 743; baseline -0.002 -15"><span class='ocrx_word' id='word_1_76' title='bbox 207 699 230 715; x_wconf 74' lang='lat'>‘⁶</span> <span class='ocrx_word' id='word_1_77' title='bbox 244 693 393 729; x_wconf 89' lang='lat' dir='ltr'>ducem.</span> <span class='ocrx_word' id='word_1_78' title='bbox 450 695 514 730; x_wconf 89' lang='lat' dir='ltr'>An</span> <span class='ocrx_word' id='word_1_79' title='bbox 533 707 607 737; x_wconf 88' lang='lat' dir='ltr'>me,</span> <span class='ocrx_word' id='word_1_80' title='bbox 628 695 666 730; x_wconf 88' lang='lat' dir='ltr'>in</span> <span class='ocrx_word' id='word_1_81' title='bbox 685 694 856 743; x_wconf 80' lang='lat' dir='ltr'>praetorio</span> <span class='ocrx_word' id='word_1_82' title='bbox 875 693 1002 742; x_wconf 88' lang='lat' dir='ltr'>patris,</span> <span class='ocrx_word' id='word_1_83' title='bbox 1022 692 1219 729; x_wconf 82' lang='lat' dir='ltr'><strong>clarissimi</strong></span> <span class='ocrx_word' id='word_1_84' title='bbox 1240 692 1485 739; x_wconf 84' lang='lat' dir='ltr'>imperatoris,</span> 
     </span>
     <span class='ocr_line' id='line_1_11' title="bbox 163 743 1488 794; baseline -0.002 -13"><span class='ocrx_word' id='word_1_85' title='bbox 163 768 192 792; x_wconf 91' lang='lat'>10</span> <span class='ocrx_word' id='word_1_86' title='bbox 207 751 230 766; x_wconf 76' lang='lat'>‘⁶</span> <span class='ocrx_word' id='word_1_87' title='bbox 244 758 359 794; x_wconf 80' lang='lat' dir='ltr'>prope</span> <span class='ocrx_word' id='word_1_88' title='bbox 380 753 523 790; x_wconf 86' lang='lat' dir='ltr'>natum,</span> <span class='ocrx_word' id='word_1_89' title='bbox 545 748 648 783; x_wconf 73' lang='lat' dir='ltr'>certe</span> <span class='ocrx_word' id='word_1_90' title='bbox 670 747 863 788; x_wconf 91' lang='lat' dir='ltr'>eductum,</span> <span class='ocrx_word' id='word_1_91' title='bbox 883 745 1104 781; x_wconf 83' lang='lat' dir='ltr'>domitorem</span> <span class='ocrx_word' id='word_1_92' title='bbox 1122 744 1317 792; x_wconf 85' lang='lat' dir='ltr'>Hispaniae</span> <span class='ocrx_word' id='word_1_93' title='bbox 1337 743 1488 779; x_wconf 84' lang='lat' dir='ltr'>Galliae-</span> 
     </span>
     <span class='ocr_line' id='line_1_12' title="bbox 207 795 1484 845; baseline -0.001 -13"><span class='ocrx_word' id='word_1_94' title='bbox 207 803 231 818; x_wconf 88' lang='lat'>“</span> <span class='ocrx_word' id='word_1_95' title='bbox 245 809 330 845; x_wconf 87' lang='lat' dir='ltr'>que,</span> <span class='ocrx_word' id='word_1_96' title='bbox 367 798 546 835; x_wconf 87' lang='lat' dir='ltr'>victorem</span> <span class='ocrx_word' id='word_1_97' title='bbox 583 799 759 835; x_wconf 88' lang='lat' dir='ltr'>eumdem</span> <span class='ocrx_word' id='word_1_98' title='bbox 796 810 871 833; x_wconf 91' lang='lat' dir='ltr'>non</span> <span class='ocrx_word' id='word_1_99' title='bbox 907 797 1128 845; x_wconf 78' lang='lat' dir='ltr'>Alpinarum</span> <span class='ocrx_word' id='word_1_100' title='bbox 1157 795 1269 832; x_wconf 83' lang='lat' dir='ltr'>modo</span> <span class='ocrx_word' id='word_1_101' title='bbox 1299 795 1484 844; x_wconf 86' lang='lat' dir='ltr'>gentium,</span> 
     </span>
     <span class='ocr_line' id='line_1_13' title="bbox 208 849 1489 900; baseline -0.001 -16"><span class='ocrx_word' id='word_1_102' title='bbox 208 854 231 870; x_wconf 94' lang='lat'>“</span> <span class='ocrx_word' id='word_1_103' title='bbox 245 849 342 884; x_wconf 84' lang='lat' dir='ltr'>sed</span> <span class='ocrx_word' id='word_1_104' title='bbox 333 862 496 898; x_wconf 78' lang='lat' dir='ltr'>ipsarum</span> <span class='ocrx_word' id='word_1_105' title='bbox 518 850 631 900; x_wconf 91' lang='lat' dir='ltr'>(quod</span> <span class='ocrx_word' id='word_1_106' title='bbox 652 849 770 886; x_wconf 77' lang='lat' dir='ltr'>multo</span> <span class='ocrx_word' id='word_1_107' title='bbox 790 850 911 898; x_wconf 87' lang='lat' dir='ltr'>majus</span> <span class='ocrx_word' id='word_1_108' title='bbox 930 850 1003 899; x_wconf 88' lang='lat' dir='ltr'>est)</span> <span class='ocrx_word' id='word_1_109' title='bbox 1040 849 1208 897; x_wconf 88' lang='lat' dir='ltr'>Alpium,</span> <span class='ocrx_word' id='word_1_110' title='bbox 1242 860 1329 884; x_wconf 89' lang='lat' dir='ltr'>cum</span> <span class='ocrx_word' id='word_1_111' title='bbox 1350 860 1489 883; x_wconf 81' lang='lat' dir='ltr'>semes-</span> 
     </span>
     <span class='ocr_line' id='line_1_14' title="bbox 208 899 1488 948; baseline -0.001 -12"><span class='ocrx_word' id='word_1_112' title='bbox 208 901 291 937; x_wconf 80' lang='lat' dir='ltr'>“tri</span> <span class='ocrx_word' id='word_1_113' title='bbox 329 901 400 938; x_wconf 84' lang='lat' dir='ltr'>hoe</span> <span class='ocrx_word' id='word_1_114' title='bbox 429 903 620 938; x_wconf 86' lang='lat' dir='ltr'>conferam</span> <span class='ocrx_word' id='word_1_115' title='bbox 640 903 751 948; x_wconf 87' lang='lat' dir='ltr'>duce,</span> <span class='ocrx_word' id='word_1_116' title='bbox 780 903 970 937; x_wconf 85' lang='lat' dir='ltr'>desertore</span> <span class='ocrx_word' id='word_1_117' title='bbox 998 901 1184 936; x_wconf 85' lang='lat' dir='ltr'>exercitus</span> <span class='ocrx_word' id='word_1_118' title='bbox 1219 900 1302 936; x_wconf 75' lang='lat' dir='ltr'>sui?</span> <span class='ocrx_word' id='word_1_119' title='bbox 1363 899 1436 936; x_wconf 91' lang='lat' dir='ltr'>Cui</span> <span class='ocrx_word' id='word_1_120' title='bbox 1457 899 1488 936; x_wconf 88' lang='lat' dir='ltr'>si</span> 
     </span>
     <span class='ocr_line' id='line_1_15' title="bbox 208 951 1486 1002; baseline -0.001 -14"><span class='ocrx_word' id='word_1_121' title='bbox 208 952 339 1000; x_wconf 86' lang='lat' dir='ltr'>“quis,</span> <span class='ocrx_word' id='word_1_122' title='bbox 361 953 522 1002; x_wconf 83' lang='lat' dir='ltr'>demptis</span> <span class='ocrx_word' id='word_1_123' title='bbox 551 955 681 1002; x_wconf 85' lang='lat' dir='ltr'>signis,</span> <span class='ocrx_word' id='word_1_124' title='bbox 711 954 849 990; x_wconf 84' lang='lat' dir='ltr'>Poenos</span> <span class='ocrx_word' id='word_1_125' title='bbox 878 953 1147 1000; x_wconf 87' lang='lat' dir='ltr'>Romanosque</span> <span class='ocrx_word' id='word_1_126' title='bbox 1168 952 1279 988; x_wconf 86' lang='lat' dir='ltr'>hodie</span> <span class='ocrx_word' id='word_1_127' title='bbox 1299 951 1486 994; x_wconf 88' lang='lat' dir='ltr'>ostendat,</span> 
     </span>
     <span class='ocr_line' id='line_1_16' title="bbox 164 1003 1487 1052; baseline -0.001 -13"><span class='ocrx_word' id='word_1_128' title='bbox 164 1027 193 1052; x_wconf 86' lang='lat'>15</span> <span class='ocrx_word' id='word_1_129' title='bbox 208 1009 232 1026; x_wconf 90' lang='grc'><strong>“</strong></span> <span class='ocrx_word' id='word_1_130' title='bbox 247 1004 504 1052; x_wconf 73' lang='lat' dir='ltr'>ionoraturum</span> <span class='ocrx_word' id='word_1_131' title='bbox 534 1014 680 1042; x_wconf 88' lang='lat' dir='ltr'>certum</span> <span class='ocrx_word' id='word_1_132' title='bbox 709 1005 843 1047; x_wconf 88' lang='lat' dir='ltr'>habeo,</span> <span class='ocrx_word' id='word_1_133' title='bbox 886 1004 1006 1040; x_wconf 85' lang='lat' dir='ltr'>utrius</span> <span class='ocrx_word' id='word_1_134' title='bbox 1048 1004 1236 1039; x_wconf 75' lang='lat' dir='ltr'>exercitus</span> <span class='ocrx_word' id='word_1_135' title='bbox 1265 1004 1313 1039; x_wconf 89' lang='lat' dir='ltr'>sit</span> <span class='ocrx_word' id='word_1_136' title='bbox 1341 1003 1487 1039; x_wconf 89' lang='lat' dir='ltr'>consul.</span> 
     </span>
     <span class='ocr_line' id='line_1_17' title="bbox 208 1054 1488 1114; baseline -0.002 -22"><span class='ocrx_word' id='word_1_137' title='bbox 208 1055 335 1092; x_wconf 87' lang='lat' dir='ltr'>“Non</span> <span class='ocrx_word' id='word_1_138' title='bbox 355 1068 426 1114; x_wconf 83' lang='lat' dir='ltr'>ego</span> <span class='ocrx_word' id='word_1_139' title='bbox 446 1057 536 1094; x_wconf 91' lang='lat' dir='ltr'>illud</span> <span class='ocrx_word' id='word_1_140' title='bbox 557 1057 658 1106; x_wconf 85' lang='lat' dir='ltr'>parvi</span> <span class='ocrx_word' id='word_1_141' title='bbox 679 1057 836 1103; x_wconf 65' lang='lat' dir='ltr'>aesfflmo,</span> <span class='ocrx_word' id='word_1_142' title='bbox 867 1056 1017 1099; x_wconf 84' lang='lat' dir='ltr'>milites,</span> <span class='ocrx_word' id='word_1_143' title='bbox 1050 1054 1149 1103; x_wconf 75' lang='lat' dir='ltr'>quod</span> <span class='ocrx_word' id='word_1_144' title='bbox 1182 1067 1295 1091; x_wconf 88' lang='lat' dir='ltr'>nemo</span> <span class='ocrx_word' id='word_1_145' title='bbox 1321 1054 1488 1091; x_wconf 77' lang='lat' dir='ltr'>vestrfim</span> 
     </span>
     <span class='ocr_line' id='line_1_18' title="bbox 208 1107 1491 1157; baseline -0.001 -13"><span class='ocrx_word' id='word_1_146' title='bbox 208 1113 232 1130; x_wconf 90' lang='lat'>“</span> <span class='ocrx_word' id='word_1_147' title='bbox 246 1115 315 1151; x_wconf 84' lang='lat' dir='ltr'>est,</span> <span class='ocrx_word' id='word_1_148' title='bbox 337 1109 445 1157; x_wconf 89' lang='lat' dir='ltr'>cujus</span> <span class='ocrx_word' id='word_1_149' title='bbox 464 1122 540 1146; x_wconf 94' lang='lat' dir='ltr'>non</span> <span class='ocrx_word' id='word_1_150' title='bbox 557 1118 644 1147; x_wconf 88' lang='lat' dir='ltr'>ante</span> <span class='ocrx_word' id='word_1_151' title='bbox 656 1109 809 1146; x_wconf 88' lang='lat' dir='ltr'>oculos</span> <span class='ocrx_word' id='word_1_152' title='bbox 801 1121 879 1157; x_wconf 83' lang='lat' dir='ltr'>lpse</span> <span class='ocrx_word' id='word_1_153' title='bbox 899 1120 997 1157; x_wconf 84' lang='lat' dir='ltr'>saepe</span> <span class='ocrx_word' id='word_1_154' title='bbox 1018 1108 1176 1144; x_wconf 84' lang='lat' dir='ltr'>militare</span> <span class='ocrx_word' id='word_1_155' title='bbox 1197 1107 1346 1155; x_wconf 86' lang='lat' dir='ltr'>aliquod</span> <span class='ocrx_word' id='word_1_156' title='bbox 1362 1107 1491 1143; x_wconf 90' lang='lat' dir='ltr'>edide-</span> 
     </span>
     <span class='ocr_line' id='line_1_19' title="bbox 209 1159 1486 1217; baseline -0.002 -21"><span class='ocrx_word' id='word_1_157' title='bbox 209 1165 233 1182; x_wconf 88' lang='lat'>“</span> <span class='ocrx_word' id='word_1_158' title='bbox 248 1160 318 1196; x_wconf 90' lang='lat' dir='ltr'>rim</span> <span class='ocrx_word' id='word_1_159' title='bbox 338 1160 509 1206; x_wconf 82' lang='lat' dir='ltr'>facinus3</span> <span class='ocrx_word' id='word_1_160' title='bbox 539 1163 601 1199; x_wconf 89' lang='lat' dir='ltr'>cui</span> <span class='ocrx_word' id='word_1_161' title='bbox 621 1174 696 1198; x_wconf 89' lang='lat' dir='ltr'>non</span> <span class='ocrx_word' id='word_1_162' title='bbox 717 1161 816 1197; x_wconf 87' lang='lat' dir='ltr'>idem</span> <span class='ocrx_word' id='word_1_163' title='bbox 837 1173 921 1209; x_wconf 86' lang='lat' dir='ltr'>ego,</span> <span class='ocrx_word' id='word_1_164' title='bbox 942 1160 1087 1196; x_wconf 90' lang='lat' dir='ltr'>virtutis</span> <span class='ocrx_word' id='word_1_165' title='bbox 1107 1166 1292 1217; x_wconf 77' lang='lat' dir='ltr'>spectator</span> <span class='ocrx_word' id='word_1_166' title='bbox 1305 1172 1349 1195; x_wconf 90' lang='lat' dir='ltr'>ac</span> <span class='ocrx_word' id='word_1_167' title='bbox 1367 1159 1486 1202; x_wconf 87' lang='lat' dir='ltr'>testis,</span> 
     </span>
     <span class='ocr_line' id='line_1_20' title="bbox 210 1211 1488 1263; baseline -0.002 -15"><span class='ocrx_word' id='word_1_168' title='bbox 210 1217 234 1234; x_wconf 81' lang='lat'>‘⁴</span> <span class='ocrx_word' id='word_1_169' title='bbox 249 1219 376 1248; x_wconf 86' lang='lat' dir='ltr'>notata</span> <span class='ocrx_word' id='word_1_170' title='bbox 417 1215 647 1263; x_wconf 82' lang='lat' dir='ltr'>temporibus</span> <span class='ocrx_word' id='word_1_171' title='bbox 682 1213 847 1261; x_wconf 88' lang='lat' dir='ltr'>locisque</span> <span class='ocrx_word' id='word_1_172' title='bbox 886 1212 1023 1249; x_wconf 90' lang='lat' dir='ltr'>referre</span> <span class='ocrx_word' id='word_1_173' title='bbox 1057 1224 1125 1247; x_wconf 89' lang='lat' dir='ltr'>sua</span> <span class='ocrx_word' id='word_1_174' title='bbox 1159 1211 1298 1259; x_wconf 91' lang='lat' dir='ltr'>possim</span> <span class='ocrx_word' id='word_1_175' title='bbox 1339 1211 1488 1247; x_wconf 87' lang='lat' dir='ltr'>decora.</span> 
     </span>
     <span class='ocr_line' id='line_1_21' title="bbox 162 1262 1491 1312; baseline -0.002 -12"><span class='ocrx_word' id='word_1_176' title='bbox 162 1287 194 1312; x_wconf 81' lang='lat'>20</span> <span class='ocrx_word' id='word_1_177' title='bbox 209 1265 231 1285; x_wconf 86' lang='lat'><strong>“</strong></span> <span class='ocrx_word' id='word_1_178' title='bbox 248 1264 346 1300; x_wconf 90' lang='lat' dir='ltr'>Cum</span> <span class='ocrx_word' id='word_1_179' title='bbox 366 1264 526 1303; x_wconf 86' lang='lat' dir='ltr'>laudatis</span> <span class='ocrx_word' id='word_1_180' title='bbox 545 1279 567 1302; x_wconf 96' lang='lat' dir='ltr'>a</span> <span class='ocrx_word' id='word_1_181' title='bbox 586 1279 645 1302; x_wconf 89' lang='lat' dir='ltr'>me</span> <span class='ocrx_word' id='word_1_182' title='bbox 666 1265 800 1302; x_wconf 85' lang='lat' dir='ltr'>millies</span> <span class='ocrx_word' id='word_1_183' title='bbox 830 1265 1064 1312; x_wconf 84' lang='lat' dir='ltr'>donatisque,</span> <span class='ocrx_word' id='word_1_184' title='bbox 1098 1263 1273 1299; x_wconf 88' lang='lat' dir='ltr'>alumnus</span> <span class='ocrx_word' id='word_1_185' title='bbox 1292 1262 1393 1311; x_wconf 88' lang='lat' dir='ltr'>prius</span> <span class='ocrx_word' id='word_1_186' title='bbox 1412 1275 1491 1299; x_wconf 90' lang='lat' dir='ltr'>om-</span> 
     </span>
     <span class='ocr_line' id='line_1_22' title="bbox 209 1315 1489 1367; baseline -0.001 -15"><span class='ocrx_word' id='word_1_187' title='bbox 209 1315 354 1352; x_wconf 81' lang='lat' dir='ltr'>“nium</span> <span class='ocrx_word' id='word_1_188' title='bbox 374 1318 541 1356; x_wconf 66' lang='lat' dir='ltr'>vestrum</span> <span class='ocrx_word' id='word_1_189' title='bbox 570 1331 683 1367; x_wconf 81' lang='lat' dir='ltr'>quam</span> <span class='ocrx_word' id='word_1_190' title='bbox 712 1318 924 1366; x_wconf 88' lang='lat' dir='ltr'>imperator,</span> <span class='ocrx_word' id='word_1_191' title='bbox 961 1315 1164 1366; x_wconf 81' lang='lat' dir='ltr'>procedam</span> <span class='ocrx_word' id='word_1_192' title='bbox 1197 1315 1280 1352; x_wconf 86' lang='lat' dir='ltr'>acie</span> <span class='ocrx_word' id='word_1_193' title='bbox 1310 1315 1489 1351; x_wconf 86' lang='lat' dir='ltr'>adversus</span> 
     </span>
     <span class='ocr_line' id='line_1_23' title="bbox 210 1367 892 1421; baseline 0.001 -17"><span class='ocrx_word' id='word_1_194' title='bbox 210 1367 396 1417; x_wconf 87' lang='lat' dir='ltr'>“ignotos</span> <span class='ocrx_word' id='word_1_195' title='bbox 415 1371 511 1408; x_wconf 87' lang='lat' dir='ltr'>inter</span> <span class='ocrx_word' id='word_1_196' title='bbox 530 1383 570 1408; x_wconf 89' lang='lat' dir='ltr'>se</span> <span class='ocrx_word' id='word_1_197' title='bbox 591 1371 892 1421; x_wconf 81' lang='lat' dir='ltr'>ignorantesque.</span> 
     </span>
    </p>
   </div>
   <div class='ocr_carea' id='block_1_3' title="bbox 162 1472 1498 2515">
    <p class='ocr_par' dir='ltr' id='par_1_3' title="bbox 162 1472 1498 2461">
     <span class='ocr_line' id='line_1_24' title="bbox 259 1472 1492 1525; baseline -0.002 -14"><span class='ocrx_word' id='word_1_198' title='bbox 259 1474 404 1513; x_wconf 92' lang='lat' dir='ltr'>XLIV.</span> <span class='ocrx_word' id='word_1_199' title='bbox 461 1476 756 1525; x_wconf 77' lang='lat' dir='ltr'>“Quocumque</span> <span class='ocrx_word' id='word_1_200' title='bbox 798 1475 1014 1512; x_wconf 88' lang='lat' dir='ltr'>circumtuli</span> <span class='ocrx_word' id='word_1_201' title='bbox 1052 1473 1195 1517; x_wconf 88' lang='lat' dir='ltr'>oculos,</span> <span class='ocrx_word' id='word_1_202' title='bbox 1225 1473 1337 1522; x_wconf 87' lang='lat' dir='ltr'>plena</span> <span class='ocrx_word' id='word_1_203' title='bbox 1363 1472 1492 1510; x_wconf 90' lang='lat' dir='ltr'>omnia</span> 
     </span>
     <span class='ocr_line' id='line_1_25' title="bbox 207 1525 1493 1574; baseline -0.002 -11"><span class='ocrx_word' id='word_1_204' title='bbox 207 1525 353 1566; x_wconf 88' lang='lat' dir='ltr'>“video</span> <span class='ocrx_word' id='word_1_205' title='bbox 372 1530 584 1566; x_wconf 87' lang='lat' dir='ltr'>animorum</span> <span class='ocrx_word' id='word_1_206' title='bbox 610 1541 655 1566; x_wconf 86' lang='lat' dir='ltr'>ac</span> <span class='ocrx_word' id='word_1_207' title='bbox 685 1528 851 1573; x_wconf 86' lang='lat' dir='ltr'>roboris;</span> <span class='ocrx_word' id='word_1_208' title='bbox 891 1534 1108 1563; x_wconf 86' lang='lat' dir='ltr'>veteranum</span> <span class='ocrx_word' id='word_1_209' title='bbox 1129 1526 1306 1574; x_wconf 84' lang='lat' dir='ltr'>peditem,</span> <span class='ocrx_word' id='word_1_210' title='bbox 1335 1537 1493 1574; x_wconf 83' lang='lat' dir='ltr'>genero·</span> 
     </span>
     <span class='ocr_line' id='line_1_26' title="bbox 162 1578 1493 1630; baseline -0.002 -14"><span class='ocrx_word' id='word_1_211' title='bbox 162 1578 232 1628; x_wconf 70' lang='lat'>25“</span> <span class='ocrx_word' id='word_1_212' title='bbox 245 1580 477 1625; x_wconf 87' lang='lat' dir='ltr'>sissimarum</span> <span class='ocrx_word' id='word_1_213' title='bbox 496 1582 668 1630; x_wconf 88' lang='lat' dir='ltr'>gentium</span> <span class='ocrx_word' id='word_1_214' title='bbox 688 1580 832 1629; x_wconf 85' lang='lat' dir='ltr'>equites</span> <span class='ocrx_word' id='word_1_215' title='bbox 853 1580 1018 1616; x_wconf 79' lang='lat' dir='ltr'>frenatos</span> <span class='ocrx_word' id='word_1_216' title='bbox 1050 1587 1087 1614; x_wconf 88' lang='lat' dir='ltr'>et</span> <span class='ocrx_word' id='word_1_217' title='bbox 1113 1578 1331 1621; x_wconf 84' lang='lat' dir='ltr'>infrenatos,</span> <span class='ocrx_word' id='word_1_218' title='bbox 1352 1590 1417 1614; x_wconf 88' lang='lat' dir='ltr'>vos</span> <span class='ocrx_word' id='word_1_219' title='bbox 1436 1590 1493 1614; x_wconf 85' lang='lat' dir='ltr'>so-</span> 
     </span>
     <span class='ocr_line' id='line_1_27' title="bbox 208 1630 1492 1680; baseline -0.003 -11"><span class='ocrx_word' id='word_1_220' title='bbox 208 1630 232 1651; x_wconf 87' lang='lat'><strong>“</strong></span> <span class='ocrx_word' id='word_1_221' title='bbox 246 1633 326 1669; x_wconf 90' lang='lat' dir='ltr'>cios</span> <span class='ocrx_word' id='word_1_222' title='bbox 345 1633 581 1670; x_wconf 88' lang='lat' dir='ltr'>fidelissimos</span> <span class='ocrx_word' id='word_1_223' title='bbox 600 1633 908 1680; x_wconf 87' lang='lat' dir='ltr'>fortissimosque,</span> <span class='ocrx_word' id='word_1_224' title='bbox 929 1644 992 1667; x_wconf 83' lang='lat' dir='ltr'>vos</span> <span class='ocrx_word' id='word_1_225' title='bbox 1007 1630 1355 1679; x_wconf 80' lang='lat' dir='ltr'>Carthaginienses,</span> <span class='ocrx_word' id='word_1_226' title='bbox 1376 1641 1492 1678; x_wconf 89' lang='lat' dir='ltr'>quum</span> 
     </span>
     <span class='ocr_line' id='line_1_28' title="bbox 209 1681 1492 1733; baseline -0.004 -12"><span class='ocrx_word' id='word_1_227' title='bbox 209 1682 294 1721; x_wconf 90' lang='lat' dir='ltr'>“ob</span> <span class='ocrx_word' id='word_1_228' title='bbox 314 1686 484 1733; x_wconf 86' lang='lat' dir='ltr'>patriam,</span> <span class='ocrx_word' id='word_1_229' title='bbox 503 1692 583 1721; x_wconf 92' lang='lat' dir='ltr'>tum</span> <span class='ocrx_word' id='word_1_230' title='bbox 601 1685 649 1721; x_wconf 92' lang='lat' dir='ltr'>ob</span> <span class='ocrx_word' id='word_1_231' title='bbox 670 1686 760 1721; x_wconf 85' lang='lat' dir='ltr'>iram</span> <span class='ocrx_word' id='word_1_232' title='bbox 779 1684 1037 1733; x_wconf 85' lang='lat' dir='ltr'>justissimam,</span> <span class='ocrx_word' id='word_1_233' title='bbox 1056 1690 1299 1730; x_wconf 87' lang='lat' dir='ltr'>pugnaturos.</span> <span class='ocrx_word' id='word_1_234' title='bbox 1357 1681 1492 1717; x_wconf 88' lang='lat' dir='ltr'>Inferi-</span> 
     </span>
     <span class='ocr_line' id='line_1_29' title="bbox 210 1733 1490 1784; baseline -0.004 -11"><span class='ocrx_word' id='word_1_235' title='bbox 210 1734 235 1755; x_wconf 88' lang='lat'>“</span> <span class='ocrx_word' id='word_1_236' title='bbox 249 1750 333 1773; x_wconf 89' lang='lat' dir='ltr'>mus</span> <span class='ocrx_word' id='word_1_237' title='bbox 369 1737 521 1779; x_wconf 89' lang='lat' dir='ltr'>bellum,</span> <span class='ocrx_word' id='word_1_238' title='bbox 555 1737 774 1784; x_wconf 89' lang='lat' dir='ltr'>infestisque</span> <span class='ocrx_word' id='word_1_239' title='bbox 802 1735 920 1784; x_wconf 86' lang='lat' dir='ltr'>signis</span> <span class='ocrx_word' id='word_1_240' title='bbox 953 1734 1221 1770; x_wconf 82' lang='lat' dir='ltr'>descendimus</span> <span class='ocrx_word' id='word_1_241' title='bbox 1258 1734 1296 1769; x_wconf 90' lang='lat' dir='ltr'>in</span> <span class='ocrx_word' id='word_1_242' title='bbox 1326 1733 1490 1776; x_wconf 86' lang='lat' dir='ltr'>Italiam,</span> 
     </span>
     <span class='ocr_line' id='line_1_30' title="bbox 211 1784 1491 1848; baseline -0.004 -23"><span class='ocrx_word' id='word_1_243' title='bbox 211 1786 351 1825; x_wconf 75' lang='lat' dir='ltr'>“tanto</span> <span class='ocrx_word' id='word_1_244' title='bbox 371 1789 557 1825; x_wconf 67' lang='lat' dir='ltr'>audacias</span> <span class='ocrx_word' id='word_1_245' title='bbox 586 1787 789 1836; x_wconf 86' lang='lat' dir='ltr'>fortiusque</span> <span class='ocrx_word' id='word_1_246' title='bbox 825 1786 1039 1848; x_wconf 81' lang='lat' dir='ltr'>pugnaturi,</span> <span class='ocrx_word' id='word_1_247' title='bbox 1069 1784 1208 1833; x_wconf 74' lang='lat' dir='ltr'>quanto</span> <span class='ocrx_word' id='word_1_248' title='bbox 1248 1785 1365 1833; x_wconf 87' lang='lat' dir='ltr'>major</span> <span class='ocrx_word' id='word_1_249' title='bbox 1394 1796 1491 1833; x_wconf 89' lang='lat' dir='ltr'>spes,</span> 
     </span>
     <span class='ocr_line' id='line_1_31' title="bbox 166 1836 1494 1896; baseline -0.005 -18"><span class='ocrx_word' id='word_1_250' title='bbox 166 1862 198 1888; x_wconf 81' lang='lat'>30</span> <span class='ocrx_word' id='word_1_251' title='bbox 211 1839 365 1890; x_wconf 86' lang='lat' dir='ltr'>“major</span> <span class='ocrx_word' id='word_1_252' title='bbox 393 1848 449 1877; x_wconf 90' lang='lat' dir='ltr'>est</span> <span class='ocrx_word' id='word_1_253' title='bbox 477 1841 625 1876; x_wconf 86' lang='lat' dir='ltr'>animus</span> <span class='ocrx_word' id='word_1_254' title='bbox 645 1839 840 1876; x_wconf 88' lang='lat' dir='ltr'>inferentis</span> <span class='ocrx_word' id='word_1_255' title='bbox 860 1840 947 1881; x_wconf 86' lang='lat' dir='ltr'>vim,</span> <span class='ocrx_word' id='word_1_256' title='bbox 964 1850 1076 1896; x_wconf 79' lang='lat' dir='ltr'>quam</span> <span class='ocrx_word' id='word_1_257' title='bbox 1093 1837 1268 1873; x_wconf 88' lang='lat' dir='ltr'>arcentis.</span> <span class='ocrx_word' id='word_1_258' title='bbox 1299 1836 1494 1873; x_wconf 78' lang='lat' dir='ltr'>Accendit</span> 
     </span>
     <span class='ocr_line' id='line_1_32' title="bbox 211 1888 1494 1942; baseline -0.005 -12"><span class='ocrx_word' id='word_1_259' title='bbox 211 1892 236 1913; x_wconf 91' lang='lat'><strong>“</strong></span> <span class='ocrx_word' id='word_1_260' title='bbox 249 1900 432 1942; x_wconf 81' lang='lat' dir='ltr'>praeterea</span> <span class='ocrx_word' id='word_1_261' title='bbox 451 1892 597 1928; x_wconf 89' lang='lat' dir='ltr'>animos</span> <span class='ocrx_word' id='word_1_262' title='bbox 615 1901 653 1928; x_wconf 91' lang='lat' dir='ltr'>et</span> <span class='ocrx_word' id='word_1_263' title='bbox 671 1891 837 1927; x_wconf 86' lang='lat' dir='ltr'>stimulat</span> <span class='ocrx_word' id='word_1_264' title='bbox 861 1891 975 1935; x_wconf 89' lang='lat' dir='ltr'>dolor,</span> <span class='ocrx_word' id='word_1_265' title='bbox 998 1890 1146 1938; x_wconf 85' lang='lat' dir='ltr'>injuria,</span> <span class='ocrx_word' id='word_1_266' title='bbox 1168 1889 1399 1938; x_wconf 83' lang='lat' dir='ltr'>indignitas:</span> <span class='ocrx_word' id='word_1_267' title='bbox 1446 1888 1494 1924; x_wconf 88' lang='lat' dir='ltr'>ad</span> 
     </span>
     <span class='ocr_line' id='line_1_33' title="bbox 211 1940 1495 1994; baseline -0.004 -13"><span class='ocrx_word' id='word_1_268' title='bbox 211 1944 474 1994; x_wconf 88' lang='lat' dir='ltr'>“supplicium</span> <span class='ocrx_word' id='word_1_269' title='bbox 494 1944 795 1993; x_wconf 87' lang='lat' dir='ltr'>depoposcerunt</span> <span class='ocrx_word' id='word_1_270' title='bbox 815 1955 875 1979; x_wconf 88' lang='lat' dir='ltr'>me</span> <span class='ocrx_word' id='word_1_271' title='bbox 896 1942 1033 1978; x_wconf 87' lang='lat' dir='ltr'>ducem</span> <span class='ocrx_word' id='word_1_272' title='bbox 1062 1940 1236 1989; x_wconf 89' lang='lat' dir='ltr'>primum,</span> <span class='ocrx_word' id='word_1_273' title='bbox 1271 1940 1409 1977; x_wconf 89' lang='lat' dir='ltr'>deinde</span> <span class='ocrx_word' id='word_1_274' title='bbox 1430 1952 1495 1976; x_wconf 87' lang='lat' dir='ltr'>vos</span> 
     </span>
     <span class='ocr_line' id='line_1_34' title="bbox 211 1993 1495 2045; baseline -0.005 -11"><span class='ocrx_word' id='word_1_275' title='bbox 211 1997 472 2045; x_wconf 87' lang='lat' dir='ltr'>“omnesqui</span> <span class='ocrx_word' id='word_1_276' title='bbox 493 1997 705 2045; x_wconf 84' lang='lat' dir='ltr'>Saguntum</span> <span class='ocrx_word' id='word_1_277' title='bbox 723 1994 1038 2044; x_wconf 82' lang='lat' dir='ltr'>oppugnassetis:</span> <span class='ocrx_word' id='word_1_278' title='bbox 1078 1993 1224 2029; x_wconf 90' lang='lat' dir='ltr'>deditos</span> <span class='ocrx_word' id='word_1_279' title='bbox 1252 1993 1392 2029; x_wconf 88' lang='lat' dir='ltr'>ultimis</span> <span class='ocrx_word' id='word_1_280' title='bbox 1411 2005 1495 2029; x_wconf 90' lang='lat' dir='ltr'>cru-</span> 
     </span>
     <span class='ocr_line' id='line_1_35' title="bbox 212 2044 1497 2093; baseline -0.005 -7"><span class='ocrx_word' id='word_1_281' title='bbox 212 2049 411 2086; x_wconf 87' lang='lat' dir='ltr'>“ciatibus</span> <span class='ocrx_word' id='word_1_282' title='bbox 430 2048 601 2085; x_wconf 85' lang='lat' dir='ltr'>affecturi</span> <span class='ocrx_word' id='word_1_283' title='bbox 622 2048 786 2084; x_wconf 84' lang='lat' dir='ltr'>fuerunt.</span> <span class='ocrx_word' id='word_1_284' title='bbox 843 2046 1117 2082; x_wconf 85' lang='lat' dir='ltr'>Crudelissima</span> <span class='ocrx_word' id='word_1_285' title='bbox 1150 2057 1195 2081; x_wconf 92' lang='lat' dir='ltr'>ac</span> <span class='ocrx_word' id='word_1_286' title='bbox 1228 2044 1497 2093; x_wconf 84' lang='lat' dir='ltr'>superbissima</span> 
     </span>
     <span class='ocr_line' id='line_1_36' title="bbox 168 2096 1495 2150; baseline -0.006 -11"><span class='ocrx_word' id='word_1_287' title='bbox 168 2099 237 2148; x_wconf 75' lang='lat'><strong>3&#39;5“</strong></span> <span class='ocrx_word' id='word_1_288' title='bbox 250 2114 344 2150; x_wconf 85' lang='lat' dir='ltr'>gens</span> <span class='ocrx_word' id='word_1_289' title='bbox 363 2113 431 2138; x_wconf 91' lang='lat' dir='ltr'>sua</span> <span class='ocrx_word' id='word_1_290' title='bbox 449 2100 576 2137; x_wconf 88' lang='lat' dir='ltr'>omnia</span> <span class='ocrx_word' id='word_1_291' title='bbox 595 2100 726 2148; x_wconf 90' lang='lat' dir='ltr'>suique</span> <span class='ocrx_word' id='word_1_292' title='bbox 747 2099 889 2135; x_wconf 88' lang='lat' dir='ltr'>arbitrii</span> <span class='ocrx_word' id='word_1_293' title='bbox 910 2098 1010 2134; x_wconf 87' lang='lat' dir='ltr'>facit.</span> <span class='ocrx_word' id='word_1_294' title='bbox 1068 2098 1166 2134; x_wconf 91' lang='lat' dir='ltr'>Cum</span> <span class='ocrx_word' id='word_1_295' title='bbox 1187 2097 1322 2145; x_wconf 89' lang='lat' dir='ltr'>quibus</span> <span class='ocrx_word' id='word_1_296' title='bbox 1341 2096 1495 2142; x_wconf 88' lang='lat' dir='ltr'>bellum,</span> 
     </span>
     <span class='ocr_line' id='line_1_37' title="bbox 213 2150 1495 2207; baseline -0.005 -17"><span class='ocrx_word' id='word_1_297' title='bbox 213 2155 238 2175; x_wconf 87' lang='lat'><strong>“</strong></span> <span class='ocrx_word' id='word_1_298' title='bbox 251 2166 338 2190; x_wconf 87' lang='lat' dir='ltr'>cum</span> <span class='ocrx_word' id='word_1_299' title='bbox 357 2153 493 2202; x_wconf 85' lang='lat' dir='ltr'>quibus</span> <span class='ocrx_word' id='word_1_300' title='bbox 512 2164 644 2201; x_wconf 90' lang='lat' dir='ltr'>pacem</span> <span class='ocrx_word' id='word_1_301' title='bbox 665 2152 883 2195; x_wconf 88' lang='lat' dir='ltr'>habeamus,</span> <span class='ocrx_word' id='word_1_302' title='bbox 905 2163 944 2186; x_wconf 90' lang='lat' dir='ltr'>se</span> <span class='ocrx_word' id='word_1_303' title='bbox 965 2150 1142 2187; x_wconf 88' lang='lat' dir='ltr'>modum</span> <span class='ocrx_word' id='word_1_304' title='bbox 1135 2161 1327 2207; x_wconf 81' lang='lat' dir='ltr'>imponere</span> <span class='ocrx_word' id='word_1_305' title='bbox 1348 2160 1495 2197; x_wconf 83' lang='lat' dir='ltr'>aequum</span> 
     </span>
     <span class='ocr_line' id='line_1_38' title="bbox 214 2182 1495 2251; baseline -0.005 -9"><span class='ocrx_word' id='word_1_306' title='bbox 214 2207 408 2242; x_wconf 86' lang='lat' dir='ltr'>“censet</span> <span class='ocrx_word' id='word_1_307' title='bbox 449 2204 726 2241; x_wconf 87' lang='lat' dir='ltr'>circumscribit</span> <span class='ocrx_word' id='word_1_308' title='bbox 754 2182 987 2251; x_wconf 89' lang='lat' dir='ltr'>includitque</span> <span class='ocrx_word' id='word_1_309' title='bbox 1015 2215 1084 2238; x_wconf 93' lang='lat' dir='ltr'>nos</span> <span class='ocrx_word' id='word_1_310' title='bbox 1111 2201 1283 2238; x_wconf 87' lang='lat' dir='ltr'>terminis</span> <span class='ocrx_word' id='word_1_311' title='bbox 1311 2200 1495 2237; x_wconf 87' lang='lat' dir='ltr'>montium</span> 
     </span>
     <span class='ocr_line' id='line_1_39' title="bbox 215 2256 1496 2304; baseline -0.004 -11"><span class='ocrx_word' id='word_1_312' title='bbox 215 2256 539 2304; x_wconf 80' lang='lat' dir='ltr'>“flu1n1numque,</span> <span class='ocrx_word' id='word_1_313' title='bbox 567 2269 659 2304; x_wconf 92' lang='lat' dir='ltr'>quos</span> <span class='ocrx_word' id='word_1_314' title='bbox 687 2269 735 2293; x_wconf 91' lang='lat' dir='ltr'>ne</span> <span class='ocrx_word' id='word_1_315' title='bbox 764 2256 1020 2292; x_wconf 85' lang='lat' dir='ltr'>excedamus·</span> <span class='ocrx_word' id='word_1_316' title='bbox 1011 2282 1021 2298; x_wconf 90' lang='lat'>‚</span> <span class='ocrx_word' id='word_1_317' title='bbox 1064 2266 1186 2301; x_wconf 91' lang='lat' dir='ltr'>neque</span> <span class='ocrx_word' id='word_1_318' title='bbox 1217 2266 1291 2299; x_wconf 83' lang='lat' dir='ltr'>eos,</span> <span class='ocrx_word' id='word_1_319' title='bbox 1312 2266 1404 2301; x_wconf 92' lang='lat' dir='ltr'>quos</span> <span class='ocrx_word' id='word_1_320' title='bbox 1424 2260 1496 2289; x_wconf 88' lang='lat' dir='ltr'>sta-</span> 
     </span>
     <span class='ocr_line' id='line_1_40' title="bbox 216 2304 1495 2356; baseline -0.005 -10"><span class='ocrx_word' id='word_1_321' title='bbox 216 2312 241 2333; x_wconf 87' lang='lat'><strong>“</strong></span> <span class='ocrx_word' id='word_1_322' title='bbox 254 2310 337 2356; x_wconf 86' lang='lat' dir='ltr'>tuit,</span> <span class='ocrx_word' id='word_1_323' title='bbox 357 2309 538 2345; x_wconf 90' lang='lat' dir='ltr'>terminos</span> <span class='ocrx_word' id='word_1_324' title='bbox 556 2309 737 2345; x_wconf 87' lang='lat' dir='ltr'>observat.</span> <span class='ocrx_word' id='word_1_325' title='bbox 794 2311 804 2330; x_wconf 86' lang='lat'>‘</span> <span class='ocrx_word' id='word_1_326' title='bbox 822 2308 883 2345; x_wconf 89' lang='lat' dir='ltr'>Ne</span> <span class='ocrx_word' id='word_1_327' title='bbox 903 2307 1096 2344; x_wconf 87' lang='lat' dir='ltr'>transieris</span> <span class='ocrx_word' id='word_1_328' title='bbox 1116 2306 1269 2342; x_wconf 87' lang='lat' dir='ltr'>Iberum</span> <span class='ocrx_word' id='word_1_329' title='bbox 1289 2319 1296 2342; x_wconf 78' lang='lat'>2</span> <span class='ocrx_word' id='word_1_330' title='bbox 1338 2318 1386 2342; x_wconf 90' lang='lat' dir='ltr'>ne</span> <span class='ocrx_word' id='word_1_331' title='bbox 1406 2304 1495 2352; x_wconf 92' lang='lat' dir='ltr'>quid</span> 
     </span>
     <span class='ocr_line' id='line_1_41' title="bbox 172 2359 1495 2419; baseline -0.005 -20"><span class='ocrx_word' id='word_1_332' title='bbox 172 2362 331 2408; x_wconf 79' lang='lat' dir='ltr'>40‘⁴‘rei</span> <span class='ocrx_word' id='word_1_333' title='bbox 350 2361 416 2397; x_wconf 89' lang='lat' dir='ltr'>tibi</span> <span class='ocrx_word' id='word_1_334' title='bbox 437 2361 484 2396; x_wconf 89' lang='lat' dir='ltr'>sit</span> <span class='ocrx_word' id='word_1_335' title='bbox 503 2373 590 2398; x_wconf 89' lang='lat' dir='ltr'>cum</span> <span class='ocrx_word' id='word_1_336' title='bbox 607 2361 839 2419; x_wconf 85' lang='lat' dir='ltr'>Saguntinis.</span> <span class='ocrx_word' id='word_1_337' title='bbox 897 2359 960 2396; x_wconf 92' lang='lat' dir='ltr'>Ad</span> <span class='ocrx_word' id='word_1_338' title='bbox 993 2359 1146 2395; x_wconf 89' lang='lat' dir='ltr'>Iberum</span> <span class='ocrx_word' id='word_1_339' title='bbox 1179 2366 1235 2394; x_wconf 86' lang='lat' dir='ltr'>est</span> <span class='ocrx_word' id='word_1_340' title='bbox 1261 2359 1495 2406; x_wconf 87' lang='lat' dir='ltr'>Saguntum:</span> 
     </span>
     <span class='ocr_line' id='line_1_42' title="bbox 217 2392 1498 2461; baseline -0.007 -10"><span class='ocrx_word' id='word_1_341' title='bbox 217 2418 242 2439; x_wconf 81' lang='lat'>“</span> <span class='ocrx_word' id='word_1_342' title='bbox 255 2417 265 2436; x_wconf 88' lang='lat'>‘</span> <span class='ocrx_word' id='word_1_343' title='bbox 280 2426 464 2461; x_wconf 88' lang='lat' dir='ltr'>nusquam</span> <span class='ocrx_word' id='word_1_344' title='bbox 484 2423 520 2450; x_wconf 87' lang='lat' dir='ltr'>te</span> <span class='ocrx_word' id='word_1_345' title='bbox 539 2412 695 2461; x_wconf 86' lang='lat' dir='ltr'>vestigio</span> <span class='ocrx_word' id='word_1_346' title='bbox 713 2425 795 2450; x_wconf 89' lang='lat' dir='ltr'>mov</span> <span class='ocrx_word' id='word_1_347' title='bbox 799 2413 894 2450; x_wconf 62' lang='lat' dir='ltr'>eris!</span> <span class='ocrx_word' id='word_1_348' title='bbox 951 2414 961 2434; x_wconf 88' lang='lat'>‘</span> <span class='ocrx_word' id='word_1_349' title='bbox 975 2412 1112 2447; x_wconf 82' lang='lat' dir='ltr'>Parum</span> <span class='ocrx_word' id='word_1_350' title='bbox 1132 2418 1202 2458; x_wconf 82' lang='lat' dir='ltr'>est,</span> <span class='ocrx_word' id='word_1_351' title='bbox 1221 2392 1334 2458; x_wconf 59' lang='lat' dir='ltr'>quodo</span> <span class='ocrx_word' id='word_1_352' title='bbox 1347 2407 1498 2444; x_wconf 85' lang='lat' dir='ltr'>veterri-</span> 
     </span>
    </p>

    <p class='ocr_par' dir='ltr' id='par_1_4' title="bbox 220 2460 1496 2515">
     <span class='ocr_line' id='line_1_43' title="bbox 220 2460 1496 2515; baseline -0.008 -10.913"><span class='ocrx_word' id='word_1_353' title='bbox 220 2470 242 2492; x_wconf 86' lang='lat'>“</span> <span class='ocrx_word' id='word_1_354' title='bbox 255 2469 264 2490; x_wconf 85' lang='lat'>‘</span> <span class='ocrx_word' id='word_1_355' title='bbox 279 2479 359 2504; x_wconf 86' lang='lat' dir='ltr'>mas</span> <span class='ocrx_word' id='word_1_356' title='bbox 378 2464 588 2515; x_wconf 85' lang='lat' dir='ltr'>provincias</span> <span class='ocrx_word' id='word_1_357' title='bbox 609 2478 711 2501; x_wconf 87' lang='lat' dir='ltr'>meas</span> <span class='ocrx_word' id='word_1_358' title='bbox 731 2465 900 2502; x_wconf 88' lang='lat' dir='ltr'>Siciliam</span> <span class='ocrx_word' id='word_1_359' title='bbox 921 2471 958 2501; x_wconf 92' lang='lat' dir='ltr'>et</span> <span class='ocrx_word' id='word_1_360' title='bbox 978 2463 1191 2501; x_wconf 86' lang='lat' dir='ltr'>Sardiniam</span> <span class='ocrx_word' id='word_1_361' title='bbox 1209 2461 1363 2498; x_wconf 88' lang='lat' dir='ltr'>adimis.</span> <span class='ocrx_word' id='word_1_362' title='bbox 1384 2460 1496 2495; x_wconf 88' lang='lat' dir='ltr'>etiam</span> 
     </span>
    </p>
   </div>
  </div>
 </body>
</html>
