<?xml version="1.0" encoding="UTF-8"?>
<!DOCTYPE html PUBLIC "-//W3C//DTD XHTML 1.0 Transitional//EN"
    "http://www.w3.org/TR/xhtml1/DTD/xhtml1-transitional.dtd">
<html xmlns="http://www.w3.org/1999/xhtml" xml:lang="en" lang="en">
 <head>
  <title>
</title>
<meta http-equiv="Content-Type" content="text/html;charset=utf-8" />
  <meta name='ocr-system' content='tesseract 3.04.00' />
  <meta name='ocr-capabilities' content='ocr_page ocr_carea ocr_par ocr_line ocrx_word'/>
</head>
<body>
  <div class='ocr_page' id='page_1' title='image "./historiarumliber00livyuoft_0079.png"; bbox 0 0 1617 2765; ppageno 0'>
   <div class='ocr_carea' id='block_1_1' title="bbox 630 190 1464 227">
    <p class='ocr_par' dir='ltr' id='par_1_1' title="bbox 630 190 1464 227">
     <span class='ocr_line' id='line_1_1' title="bbox 630 190 1464 227; baseline -0.011 -3"><span class='ocrx_word' id='word_1_1' title='bbox 630 192 768 224; x_wconf 86' lang='lat' dir='ltr'><strong>LIBER</strong></span> <span class='ocrx_word' id='word_1_2' title='bbox 791 191 834 222; x_wconf 92' lang='lat'>11.</span> <span class='ocrx_word' id='word_1_3' title='bbox 866 200 946 222; x_wconf 78' lang='lat' dir='ltr'>CAP.</span> <span class='ocrx_word' id='word_1_4' title='bbox 963 200 994 220; x_wconf 89' lang='lat' dir='ltr'>v.</span> <span class='ocrx_word' id='word_1_5' title='bbox 1421 190 1464 227; x_wconf 84' lang='grc'>6]</span> 
     </span>
    </p>
   </div>
   <div class='ocr_carea' id='block_1_2' title="bbox 147 285 1474 1014">
    <p class='ocr_par' dir='ltr' id='par_1_2' title="bbox 191 285 1471 492">
     <span class='ocr_line' id='line_1_2' title="bbox 191 285 1469 341; baseline -0.005 -12"><span class='ocrx_word' id='word_1_6' title='bbox 191 291 330 341; x_wconf 84' lang='lat' dir='ltr'>pignus</span> <span class='ocrx_word' id='word_1_7' title='bbox 342 290 428 328; x_wconf 86' lang='lat' dir='ltr'>fidei</span> <span class='ocrx_word' id='word_1_8' title='bbox 441 295 579 331; x_wconf 84' lang='lat' dir='ltr'>essent,</span> <span class='ocrx_word' id='word_1_9' title='bbox 594 287 834 324; x_wconf 85' lang='lat' dir='ltr'>manifestum</span> <span class='ocrx_word' id='word_1_10' title='bbox 852 286 1000 323; x_wconf 86' lang='lat' dir='ltr'>facinus</span> <span class='ocrx_word' id='word_1_11' title='bbox 1013 285 1183 322; x_wconf 87' lang='lat' dir='ltr'>fecerunt</span> <span class='ocrx_word' id='word_1_12' title='bbox 1202 298 1209 320; x_wconf 79' lang='lat' dir='ltr'>z</span> <span class='ocrx_word' id='word_1_13' title='bbox 1240 298 1327 321; x_wconf 85' lang='lat' dir='ltr'>nam</span> <span class='ocrx_word' id='word_1_14' title='bbox 1343 298 1469 334; x_wconf 87' lang='lat' dir='ltr'>quum,</span> 
     </span>
     <span class='ocr_line' id='line_1_3' title="bbox 192 338 1470 392; baseline -0.005 -12"><span class='ocrx_word' id='word_1_15' title='bbox 192 343 312 392; x_wconf 82' lang='lat' dir='ltr'><strong>pridie</strong></span> <span class='ocrx_word' id='word_1_16' title='bbox 332 342 441 391; x_wconf 71' lang='lat' dir='ltr'>quam</span> <span class='ocrx_word' id='word_1_17' title='bbox 462 341 574 390; x_wconf 82' lang='lat' dir='ltr'>legati</span> <span class='ocrx_word' id='word_1_18' title='bbox 595 341 641 376; x_wconf 87' lang='lat' dir='ltr'>ad</span> <span class='ocrx_word' id='word_1_19' title='bbox 662 340 893 388; x_wconf 83' lang='lat' dir='ltr'>Tarquinios</span> <span class='ocrx_word' id='word_1_20' title='bbox 926 338 1266 387; x_wconf 82' lang='lat' dir='ltr'>proficiscerentur,</span> <span class='ocrx_word' id='word_1_21' title='bbox 1288 344 1326 373; x_wconf 86' lang='lat' dir='ltr'>et</span> <span class='ocrx_word' id='word_1_22' title='bbox 1345 350 1470 374; x_wconf 83' lang='lat' dir='ltr'>coena-</span> 
     </span>
     <span class='ocr_line' id='line_1_4' title="bbox 192 389 1471 442; baseline -0.004 -11"><span class='ocrx_word' id='word_1_23' title='bbox 192 402 271 432; x_wconf 90' lang='lat' dir='ltr'>tum</span> <span class='ocrx_word' id='word_1_24' title='bbox 293 395 384 431; x_wconf 90' lang='lat' dir='ltr'>forte</span> <span class='ocrx_word' id='word_1_25' title='bbox 404 393 503 442; x_wconf 86' lang='lat' dir='ltr'>apud</span> <span class='ocrx_word' id='word_1_26' title='bbox 524 392 696 429; x_wconf 88' lang='lat' dir='ltr'>Vitellios</span> <span class='ocrx_word' id='word_1_27' title='bbox 716 398 828 437; x_wconf 88' lang='lat' dir='ltr'>esset,</span> <span class='ocrx_word' id='word_1_28' title='bbox 858 390 1117 439; x_wconf 87' lang='lat' dir='ltr'>conjuratique</span> <span class='ocrx_word' id='word_1_29' title='bbox 1148 389 1210 434; x_wconf 90' lang='lat' dir='ltr'>ibi,</span> <span class='ocrx_word' id='word_1_30' title='bbox 1245 390 1397 425; x_wconf 86' lang='lat' dir='ltr'>remotis</span> <span class='ocrx_word' id='word_1_31' title='bbox 1416 402 1471 426; x_wconf 86' lang='lat' dir='ltr'>ar-</span> 
     </span>
     <span class='ocr_line' id='line_1_5' title="bbox 192 441 1471 492; baseline -0.005 -10"><span class='ocrx_word' id='word_1_32' title='bbox 192 446 308 491; x_wconf 89' lang='lat' dir='ltr'>bitris,</span> <span class='ocrx_word' id='word_1_33' title='bbox 329 446 447 482; x_wconf 87' lang='lat' dir='ltr'>multa</span> <span class='ocrx_word' id='word_1_34' title='bbox 466 445 564 481; x_wconf 88' lang='lat' dir='ltr'>inter</span> <span class='ocrx_word' id='word_1_35' title='bbox 584 457 623 480; x_wconf 89' lang='lat' dir='ltr'>se</span> <span class='ocrx_word' id='word_1_36' title='bbox 644 445 690 480; x_wconf 89' lang='lat' dir='ltr'>de</span> <span class='ocrx_word' id='word_1_37' title='bbox 711 457 806 481; x_wconf 94' lang='lat' dir='ltr'>novo</span> <span class='ocrx_word' id='word_1_38' title='bbox 828 443 887 491; x_wconf 89' lang='lat' dir='ltr'>(ut</span> <span class='ocrx_word' id='word_1_39' title='bbox 905 443 963 492; x_wconf 88' lang='lat' dir='ltr'>fit)</span> <span class='ocrx_word' id='word_1_40' title='bbox 985 442 1143 478; x_wconf 84' lang='lat' dir='ltr'>consilio</span> <span class='ocrx_word' id='word_1_41' title='bbox 1161 441 1354 489; x_wconf 79' lang='lat' dir='ltr'>egissent3</span> <span class='ocrx_word' id='word_1_42' title='bbox 1397 454 1471 477; x_wconf 90' lang='lat' dir='ltr'>ser-</span> 
     </span>
    </p>

    <p class='ocr_par' dir='ltr' id='par_1_3' title="bbox 163 493 1474 754">
     <span class='ocr_line' id='line_1_6' title="bbox 163 493 1472 543; baseline -0.005 -9"><span class='ocrx_word' id='word_1_43' title='bbox 163 509 179 534; x_wconf 87' lang='lat'><strong>5</strong></span> <span class='ocrx_word' id='word_1_44' title='bbox 192 509 341 534; x_wconf 91' lang='lat' dir='ltr'>monem</span> <span class='ocrx_word' id='word_1_45' title='bbox 361 510 491 534; x_wconf 82' lang='lat' dir='ltr'>eorum</span> <span class='ocrx_word' id='word_1_46' title='bbox 510 509 556 533; x_wconf 90' lang='lat' dir='ltr'>ex</span> <span class='ocrx_word' id='word_1_47' title='bbox 577 496 692 532; x_wconf 90' lang='lat' dir='ltr'>servis</span> <span class='ocrx_word' id='word_1_48' title='bbox 711 509 809 532; x_wconf 92' lang='lat' dir='ltr'>unus</span> <span class='ocrx_word' id='word_1_49' title='bbox 828 495 989 543; x_wconf 76' lang='lat' dir='ltr'>excepit,</span> <span class='ocrx_word' id='word_1_50' title='bbox 1023 494 1086 542; x_wconf 88' lang='lat' dir='ltr'>qui</span> <span class='ocrx_word' id='word_1_51' title='bbox 1102 494 1179 542; x_wconf 84' lang='lat' dir='ltr'>jam</span> <span class='ocrx_word' id='word_1_52' title='bbox 1200 499 1312 528; x_wconf 84' lang='lat' dir='ltr'>antea</span> <span class='ocrx_word' id='word_1_53' title='bbox 1333 493 1369 528; x_wconf 91' lang='lat' dir='ltr'>id</span> <span class='ocrx_word' id='word_1_54' title='bbox 1389 506 1472 529; x_wconf 90' lang='lat' dir='ltr'>sen-</span> 
     </span>
     <span class='ocr_line' id='line_1_7' title="bbox 191 545 1472 598; baseline -0.005 -12"><span class='ocrx_word' id='word_1_55' title='bbox 191 557 289 586; x_wconf 82' lang='lat' dir='ltr'>serat</span> <span class='ocrx_word' id='word_1_56' title='bbox 308 550 391 598; x_wconf 85' lang='lat' dir='ltr'>agi:</span> <span class='ocrx_word' id='word_1_57' title='bbox 434 549 500 585; x_wconf 84' lang='lat' dir='ltr'>sed</span> <span class='ocrx_word' id='word_1_58' title='bbox 520 561 603 585; x_wconf 90' lang='lat' dir='ltr'>eam</span> <span class='ocrx_word' id='word_1_59' title='bbox 622 548 875 592; x_wconf 83' lang='lat' dir='ltr'>occasionem,</span> <span class='ocrx_word' id='word_1_60' title='bbox 910 554 950 583; x_wconf 93' lang='lat' dir='ltr'>ut</span> <span class='ocrx_word' id='word_1_61' title='bbox 983 546 1099 582; x_wconf 81' lang='lat' dir='ltr'>literae</span> <span class='ocrx_word' id='word_1_62' title='bbox 1124 545 1259 594; x_wconf 83' lang='lat' dir='ltr'>legatis</span> <span class='ocrx_word' id='word_1_63' title='bbox 1281 545 1472 591; x_wconf 83' lang='lat' dir='ltr'>darentur,</span> 
     </span>
     <span class='ocr_line' id='line_1_8' title="bbox 190 596 1474 650; baseline -0.005 -12"><span class='ocrx_word' id='word_1_64' title='bbox 190 614 272 650; x_wconf 87' lang='lat' dir='ltr'>quae</span> <span class='ocrx_word' id='word_1_65' title='bbox 292 601 536 650; x_wconf 85' lang='lat' dir='ltr'>deprehensae</span> <span class='ocrx_word' id='word_1_66' title='bbox 556 613 634 637; x_wconf 88' lang='lat' dir='ltr'>rem</span> <span class='ocrx_word' id='word_1_67' title='bbox 654 612 860 648; x_wconf 81' lang='lat' dir='ltr'>coarguere</span> <span class='ocrx_word' id='word_1_68' title='bbox 879 606 1043 647; x_wconf 84' lang='lat' dir='ltr'>possent,</span> <span class='ocrx_word' id='word_1_69' title='bbox 1065 596 1333 645; x_wconf 76' lang='lat' dir='ltr'>exspectabat:</span> <span class='ocrx_word' id='word_1_70' title='bbox 1376 604 1474 645; x_wconf 86' lang='lat' dir='ltr'>post-</span> 
     </span>
     <span class='ocr_line' id='line_1_9' title="bbox 190 648 1472 702; baseline -0.005 -12"><span class='ocrx_word' id='word_1_71' title='bbox 190 667 301 702; x_wconf 88' lang='lat' dir='ltr'><strong>quam</strong></span> <span class='ocrx_word' id='word_1_72' title='bbox 321 654 426 690; x_wconf 88' lang='lat' dir='ltr'>datas</span> <span class='ocrx_word' id='word_1_73' title='bbox 445 653 575 695; x_wconf 89' lang='lat' dir='ltr'>sensit,</span> <span class='ocrx_word' id='word_1_74' title='bbox 610 665 690 688; x_wconf 92' lang='lat' dir='ltr'>rem</span> <span class='ocrx_word' id='word_1_75' title='bbox 724 652 770 688; x_wconf 87' lang='lat' dir='ltr'>ad</span> <span class='ocrx_word' id='word_1_76' title='bbox 804 651 980 687; x_wconf 91' lang='lat' dir='ltr'>consules</span> <span class='ocrx_word' id='word_1_77' title='bbox 1002 650 1147 686; x_wconf 86' lang='lat' dir='ltr'>detulit.</span> <span class='ocrx_word' id='word_1_78' title='bbox 1204 648 1404 691; x_wconf 85' lang='lat' dir='ltr'>Consules,</span> <span class='ocrx_word' id='word_1_79' title='bbox 1427 649 1472 684; x_wconf 87' lang='lat' dir='ltr'>ad</span> 
     </span>
     <span class='ocr_line' id='line_1_10' title="bbox 190 701 1473 754; baseline -0.005 -12"><span class='ocrx_word' id='word_1_80' title='bbox 190 705 529 754; x_wconf 89' lang='lat' dir='ltr'>deprehendendos</span> <span class='ocrx_word' id='word_1_81' title='bbox 549 705 691 753; x_wconf 87' lang='lat' dir='ltr'>legatos</span> <span class='ocrx_word' id='word_1_82' title='bbox 724 704 1011 752; x_wconf 82' lang='lat' dir='ltr'>conjuratosque</span> <span class='ocrx_word' id='word_1_83' title='bbox 1041 701 1199 750; x_wconf 86' lang='lat' dir='ltr'>profecti</span> <span class='ocrx_word' id='word_1_84' title='bbox 1233 701 1357 743; x_wconf 92' lang='lat' dir='ltr'>domo,</span> <span class='ocrx_word' id='word_1_85' title='bbox 1392 701 1473 736; x_wconf 85' lang='lat' dir='ltr'>sine</span> 
     </span>
    </p>

    <p class='ocr_par' dir='ltr' id='par_1_4' title="bbox 147 753 1474 1014">
     <span class='ocr_line' id='line_1_11' title="bbox 147 753 1474 805; baseline -0.005 -11"><span class='ocrx_word' id='word_1_86' title='bbox 147 768 178 794; x_wconf 90' lang='lat'>10</span> <span class='ocrx_word' id='word_1_87' title='bbox 191 758 352 795; x_wconf 85' lang='lat' dir='ltr'><strong>tumultu</strong></span> <span class='ocrx_word' id='word_1_88' title='bbox 373 770 451 794; x_wconf 86' lang='lat' dir='ltr'>rem</span> <span class='ocrx_word' id='word_1_89' title='bbox 470 769 621 793; x_wconf 90' lang='lat' dir='ltr'>omnem</span> <span class='ocrx_word' id='word_1_90' title='bbox 641 758 857 805; x_wconf 66' lang='lat' dir='ltr'>oppressere</span> <span class='ocrx_word' id='word_1_91' title='bbox 876 768 884 791; x_wconf 92' lang='lat'><strong>:</strong></span> <span class='ocrx_word' id='word_1_92' title='bbox 931 755 1120 791; x_wconf 87' lang='lat' dir='ltr'>literarum</span> <span class='ocrx_word' id='word_1_93' title='bbox 1143 753 1326 802; x_wconf 86' lang='lat' dir='ltr'>imprimis</span> <span class='ocrx_word' id='word_1_94' title='bbox 1347 753 1474 788; x_wconf 81' lang='lat' dir='ltr'>habita</span> 
     </span>
     <span class='ocr_line' id='line_1_12' title="bbox 191 805 1474 856; baseline -0.005 -10"><span class='ocrx_word' id='word_1_95' title='bbox 191 822 294 856; x_wconf 88' lang='lat' dir='ltr'>cura,</span> <span class='ocrx_word' id='word_1_96' title='bbox 329 822 376 846; x_wconf 89' lang='lat' dir='ltr'>ne</span> <span class='ocrx_word' id='word_1_97' title='bbox 407 809 687 846; x_wconf 86' lang='lat' dir='ltr'>interciderent.</span> <span class='ocrx_word' id='word_1_98' title='bbox 747 807 1002 844; x_wconf 84' lang='lat' dir='ltr'>Proditoribus</span> <span class='ocrx_word' id='word_1_99' title='bbox 1035 806 1223 854; x_wconf 83' lang='lat' dir='ltr'>extemplo</span> <span class='ocrx_word' id='word_1_100' title='bbox 1250 806 1289 841; x_wconf 89' lang='lat' dir='ltr'>in</span> <span class='ocrx_word' id='word_1_101' title='bbox 1322 805 1474 841; x_wconf 84' lang='lat' dir='ltr'>vincula</span> 
     </span>
     <span class='ocr_line' id='line_1_13' title="bbox 191 859 1474 910; baseline -0.005 -12"><span class='ocrx_word' id='word_1_102' title='bbox 191 862 385 910; x_wconf 85' lang='lat' dir='ltr'>conjectis,</span> <span class='ocrx_word' id='word_1_103' title='bbox 406 861 452 897; x_wconf 91' lang='lat' dir='ltr'>de</span> <span class='ocrx_word' id='word_1_104' title='bbox 472 861 605 910; x_wconf 85' lang='lat' dir='ltr'>legatis</span> <span class='ocrx_word' id='word_1_105' title='bbox 635 860 828 908; x_wconf 83' lang='lat' dir='ltr'>paululum</span> <span class='ocrx_word' id='word_1_106' title='bbox 859 859 1118 895; x_wconf 79' lang='lat' dir='ltr'>addubitatum</span> <span class='ocrx_word' id='word_1_107' title='bbox 1153 859 1230 902; x_wconf 82' lang='lat' dir='ltr'>es&#39;t;</span> <span class='ocrx_word' id='word_1_108' title='bbox 1277 864 1315 893; x_wconf 91' lang='lat' dir='ltr'>et</span> <span class='ocrx_word' id='word_1_109' title='bbox 1346 869 1474 905; x_wconf 85' lang='lat' dir='ltr'>quam-</span> 
     </span>
     <span class='ocr_line' id='line_1_14' title="bbox 190 910 1472 961; baseline -0.004 -11"><span class='ocrx_word' id='word_1_110' title='bbox 190 926 301 961; x_wconf 89' lang='lat' dir='ltr'>quam</span> <span class='ocrx_word' id='word_1_111' title='bbox 322 913 388 949; x_wconf 85' lang='lat' dir='ltr'>visi</span> <span class='ocrx_word' id='word_1_112' title='bbox 408 919 496 949; x_wconf 90' lang='lat' dir='ltr'>sunt</span> <span class='ocrx_word' id='word_1_113' title='bbox 511 913 757 955; x_wconf 87' lang='lat' dir='ltr'>commisisse,</span> <span class='ocrx_word' id='word_1_114' title='bbox 776 918 815 948; x_wconf 92' lang='lat' dir='ltr'>ut</span> <span class='ocrx_word' id='word_1_115' title='bbox 835 911 999 948; x_wconf 89' lang='lat' dir='ltr'>hostium</span> <span class='ocrx_word' id='word_1_116' title='bbox 1015 911 1099 947; x_wconf 90' lang='lat' dir='ltr'>loco</span> <span class='ocrx_word' id='word_1_117' title='bbox 1113 916 1251 955; x_wconf 88' lang='lat' dir='ltr'>essent,</span> <span class='ocrx_word' id='word_1_118' title='bbox 1269 910 1330 959; x_wconf 85' lang='lat' dir='ltr'>jus</span> <span class='ocrx_word' id='word_1_119' title='bbox 1346 916 1472 945; x_wconf 88' lang='lat' dir='ltr'>tamen</span> 
     </span>
     <span class='ocr_line' id='line_1_15' title="bbox 190 964 505 1014; baseline -0.003 -13"><span class='ocrx_word' id='word_1_120' title='bbox 190 965 361 1014; x_wconf 89' lang='lat' dir='ltr'>gentium</span> <span class='ocrx_word' id='word_1_121' title='bbox 380 964 505 1001; x_wconf 88' lang='lat' dir='ltr'>valuit.</span> 
     </span>
    </p>
   </div>
   <div class='ocr_carea' id='block_1_3' title="bbox 145 1066 1474 2470">
    <p class='ocr_par' dir='ltr' id='par_1_5' title="bbox 147 1066 1474 1328">
     <span class='ocr_line' id='line_1_16' title="bbox 147 1066 1474 1119; baseline -0.004 -12"><span class='ocrx_word' id='word_1_122' title='bbox 147 1082 178 1107; x_wconf 86' lang='lat'>15</span> <span class='ocrx_word' id='word_1_123' title='bbox 243 1070 290 1106; x_wconf 93' lang='lat' dir='ltr'>V.</span> <span class='ocrx_word' id='word_1_124' title='bbox 321 1070 380 1107; x_wconf 88' lang='lat' dir='ltr'>De</span> <span class='ocrx_word' id='word_1_125' title='bbox 400 1070 508 1107; x_wconf 90' lang='lat' dir='ltr'>bonis</span> <span class='ocrx_word' id='word_1_126' title='bbox 528 1069 653 1119; x_wconf 81' lang='lat' dir='ltr'>regiis,</span> <span class='ocrx_word' id='word_1_127' title='bbox 674 1082 756 1118; x_wconf 79' lang='lat' dir='ltr'>quae</span> <span class='ocrx_word' id='word_1_128' title='bbox 776 1069 882 1106; x_wconf 91' lang='lat' dir='ltr'>reddi</span> <span class='ocrx_word' id='word_1_129' title='bbox 913 1069 998 1105; x_wconf 70' lang='lat' dir='ltr'>ante</span> <span class='ocrx_word' id='word_1_130' title='bbox 1029 1073 1270 1113; x_wconf 83' lang='lat' dir='ltr'>censuerant,</span> <span class='ocrx_word' id='word_1_131' title='bbox 1301 1079 1360 1103; x_wconf 91' lang='lat' dir='ltr'>res</span> <span class='ocrx_word' id='word_1_132' title='bbox 1380 1066 1474 1102; x_wconf 87' lang='lat' dir='ltr'>inte-</span> 
     </span>
     <span class='ocr_line' id='line_1_17' title="bbox 189 1118 1472 1171; baseline -0.004 -12"><span class='ocrx_word' id='word_1_133' title='bbox 189 1134 257 1171; x_wconf 85' lang='lat' dir='ltr'>gra</span> <span class='ocrx_word' id='word_1_134' title='bbox 275 1123 432 1159; x_wconf 85' lang='lat' dir='ltr'>refertur</span> <span class='ocrx_word' id='word_1_135' title='bbox 452 1123 497 1159; x_wconf 87' lang='lat' dir='ltr'>ad</span> <span class='ocrx_word' id='word_1_136' title='bbox 519 1122 674 1159; x_wconf 87' lang='lat' dir='ltr'>Patres:</span> <span class='ocrx_word' id='word_1_137' title='bbox 715 1122 767 1158; x_wconf 92' lang='lat' dir='ltr'>illi</span> <span class='ocrx_word' id='word_1_138' title='bbox 798 1122 886 1158; x_wconf 84' lang='lat' dir='ltr'>victi</span> <span class='ocrx_word' id='word_1_139' title='bbox 918 1122 972 1157; x_wconf 74' lang='lat' dir='ltr'>ira</span> <span class='ocrx_word' id='word_1_140' title='bbox 1006 1120 1159 1157; x_wconf 69' lang='lat' dir='ltr'>vetuere</span> <span class='ocrx_word' id='word_1_141' title='bbox 1180 1119 1298 1164; x_wconf 90' lang='lat' dir='ltr'>reddi,</span> <span class='ocrx_word' id='word_1_142' title='bbox 1319 1118 1472 1155; x_wconf 73' lang='lat' dir='ltr'>vetuere</span> 
     </span>
     <span class='ocr_line' id='line_1_18' title="bbox 189 1173 1473 1223; baseline -0.004 -12"><span class='ocrx_word' id='word_1_143' title='bbox 189 1175 228 1210; x_wconf 89' lang='lat' dir='ltr'>in</span> <span class='ocrx_word' id='word_1_144' title='bbox 249 1175 441 1223; x_wconf 88' lang='lat' dir='ltr'>publicum</span> <span class='ocrx_word' id='word_1_145' title='bbox 461 1175 594 1223; x_wconf 84' lang='lat' dir='ltr'>redigi.</span> <span class='ocrx_word' id='word_1_146' title='bbox 650 1174 874 1222; x_wconf 84' lang='lat' dir='ltr'>Diripienda</span> <span class='ocrx_word' id='word_1_147' title='bbox 893 1174 993 1222; x_wconf 92' lang='lat' dir='ltr'>plebi</span> <span class='ocrx_word' id='word_1_148' title='bbox 1027 1180 1115 1209; x_wconf 86' lang='lat' dir='ltr'>sunt</span> <span class='ocrx_word' id='word_1_149' title='bbox 1148 1173 1256 1216; x_wconf 81' lang='lat' dir='ltr'>data3</span> <span class='ocrx_word' id='word_1_150' title='bbox 1296 1178 1349 1214; x_wconf 92' lang='lat' dir='ltr'>ut,</span> <span class='ocrx_word' id='word_1_151' title='bbox 1384 1183 1473 1207; x_wconf 89' lang='lat' dir='ltr'>con-</span> 
     </span>
     <span class='ocr_line' id='line_1_19' title="bbox 191 1223 1473 1276; baseline -0.004 -13"><span class='ocrx_word' id='word_1_152' title='bbox 191 1233 290 1263; x_wconf 84' lang='lat' dir='ltr'>tacta</span> <span class='ocrx_word' id='word_1_153' title='bbox 309 1227 414 1276; x_wconf 72' lang='lat' dir='ltr'>regia</span> <span class='ocrx_word' id='word_1_154' title='bbox 433 1227 572 1276; x_wconf 56' lang='lat' dir='ltr'>praeda„</span> <span class='ocrx_word' id='word_1_155' title='bbox 594 1239 697 1275; x_wconf 89' lang='lat' dir='ltr'>spem</span> <span class='ocrx_word' id='word_1_156' title='bbox 720 1227 757 1262; x_wconf 93' lang='lat' dir='ltr'>in</span> <span class='ocrx_word' id='word_1_157' title='bbox 778 1234 1000 1274; x_wconf 85' lang='lat' dir='ltr'>perpetuum</span> <span class='ocrx_word' id='word_1_158' title='bbox 1018 1238 1105 1261; x_wconf 88' lang='lat' dir='ltr'>cum</span> <span class='ocrx_word' id='word_1_159' title='bbox 1128 1224 1184 1261; x_wconf 88' lang='lat' dir='ltr'>his</span> <span class='ocrx_word' id='word_1_160' title='bbox 1206 1223 1308 1272; x_wconf 84' lang='lat' dir='ltr'>pacis</span> <span class='ocrx_word' id='word_1_161' title='bbox 1328 1223 1473 1259; x_wconf 88' lang='lat' dir='ltr'>amitte-</span> 
     </span>
     <span class='ocr_line' id='line_1_20' title="bbox 190 1275 1469 1328; baseline -0.004 -13"><span class='ocrx_word' id='word_1_162' title='bbox 190 1286 257 1315; x_wconf 88' lang='lat' dir='ltr'>ret.</span> <span class='ocrx_word' id='word_1_163' title='bbox 315 1280 419 1328; x_wconf 84' lang='lat' dir='ltr'>Ager</span> <span class='ocrx_word' id='word_1_164' title='bbox 438 1279 746 1326; x_wconf 82' lang='lat' dir='ltr'>Tarquiniorum,</span> <span class='ocrx_word' id='word_1_165' title='bbox 767 1279 829 1326; x_wconf 90' lang='lat' dir='ltr'>qui</span> <span class='ocrx_word' id='word_1_166' title='bbox 852 1279 947 1314; x_wconf 88' lang='lat' dir='ltr'>inter</span> <span class='ocrx_word' id='word_1_167' title='bbox 968 1278 1099 1313; x_wconf 90' lang='lat' dir='ltr'>urbem</span> <span class='ocrx_word' id='word_1_168' title='bbox 1129 1290 1173 1312; x_wconf 85' lang='lat' dir='ltr'>ac</span> <span class='ocrx_word' id='word_1_169' title='bbox 1195 1275 1367 1312; x_wconf 85' lang='lat' dir='ltr'>Tiberim</span> <span class='ocrx_word' id='word_1_170' title='bbox 1389 1275 1469 1320; x_wconf 85' lang='lat' dir='ltr'>fuit,</span> 
     </span>
    </p>

    <p class='ocr_par' dir='ltr' id='par_1_6' title="bbox 145 1327 1473 1584">
     <span class='ocr_line' id='line_1_21' title="bbox 145 1327 1471 1377; baseline -0.003 -10"><span class='ocrx_word' id='word_1_171' title='bbox 145 1341 178 1366; x_wconf 82' lang='lat'>20</span> <span class='ocrx_word' id='word_1_172' title='bbox 191 1339 433 1367; x_wconf 85' lang='lat' dir='ltr'>consecratus</span> <span class='ocrx_word' id='word_1_173' title='bbox 454 1331 581 1373; x_wconf 87' lang='lat' dir='ltr'>Marti,</span> <span class='ocrx_word' id='word_1_174' title='bbox 604 1331 764 1366; x_wconf 85' lang='lat' dir='ltr'>Martius</span> <span class='ocrx_word' id='word_1_175' title='bbox 793 1330 931 1366; x_wconf 90' lang='lat' dir='ltr'>deinde</span> <span class='ocrx_word' id='word_1_176' title='bbox 962 1330 1130 1377; x_wconf 84' lang='lat' dir='ltr'>Campus</span> <span class='ocrx_word' id='word_1_177' title='bbox 1151 1328 1230 1365; x_wconf 85' lang='lat' dir='ltr'>fuit.</span> <span class='ocrx_word' id='word_1_178' title='bbox 1288 1327 1400 1364; x_wconf 86' lang='lat' dir='ltr'>Forte</span> <span class='ocrx_word' id='word_1_179' title='bbox 1420 1327 1471 1363; x_wconf 93' lang='lat' dir='ltr'>ibi</span> 
     </span>
     <span class='ocr_line' id='line_1_22' title="bbox 190 1379 1471 1431; baseline -0.003 -12"><span class='ocrx_word' id='word_1_180' title='bbox 190 1389 269 1418; x_wconf 90' lang='lat' dir='ltr'>tum</span> <span class='ocrx_word' id='word_1_181' title='bbox 290 1395 398 1431; x_wconf 83' lang='lat' dir='ltr'>seges</span> <span class='ocrx_word' id='word_1_182' title='bbox 417 1383 523 1419; x_wconf 88' lang='lat' dir='ltr'>farris</span> <span class='ocrx_word' id='word_1_183' title='bbox 542 1383 679 1419; x_wconf 85' lang='lat' dir='ltr'>dicitur</span> <span class='ocrx_word' id='word_1_184' title='bbox 703 1382 816 1418; x_wconf 87' lang='lat' dir='ltr'>fuisse</span> <span class='ocrx_word' id='word_1_185' title='bbox 847 1390 992 1418; x_wconf 87' lang='lat' dir='ltr'>matura</span> <span class='ocrx_word' id='word_1_186' title='bbox 1021 1381 1160 1417; x_wconf 86' lang='lat' dir='ltr'>messi:</span> <span class='ocrx_word' id='word_1_187' title='bbox 1207 1393 1317 1428; x_wconf 90' lang='lat' dir='ltr'>quem</span> <span class='ocrx_word' id='word_1_188' title='bbox 1349 1379 1471 1428; x_wconf 90' lang='lat' dir='ltr'>campi</span> 
     </span>
     <span class='ocr_line' id='line_1_23' title="bbox 190 1433 1471 1482; baseline -0.003 -11"><span class='ocrx_word' id='word_1_189' title='bbox 190 1434 353 1471; x_wconf 84' lang='lat' dir='ltr'>fructum</span> <span class='ocrx_word' id='word_1_190' title='bbox 382 1435 470 1482; x_wconf 91' lang='lat' dir='ltr'>quia</span> <span class='ocrx_word' id='word_1_191' title='bbox 507 1435 724 1482; x_wconf 82' lang='lat' dir='ltr'>religiosum</span> <span class='ocrx_word' id='word_1_192' title='bbox 762 1442 842 1471; x_wconf 85' lang='lat' dir='ltr'>erat</span> <span class='ocrx_word' id='word_1_193' title='bbox 884 1446 1121 1476; x_wconf 86' lang='lat' dir='ltr'>consumere,</span> <span class='ocrx_word' id='word_1_194' title='bbox 1162 1433 1354 1468; x_wconf 85' lang='lat' dir='ltr'>desectam</span> <span class='ocrx_word' id='word_1_195' title='bbox 1384 1445 1471 1468; x_wconf 92' lang='lat' dir='ltr'>cum</span> 
     </span>
     <span class='ocr_line' id='line_1_24' title="bbox 189 1484 1473 1535; baseline -0.002 -13"><span class='ocrx_word' id='word_1_196' title='bbox 189 1493 393 1522; x_wconf 87' lang='lat' dir='ltr'>stramento</span> <span class='ocrx_word' id='word_1_197' title='bbox 412 1494 578 1535; x_wconf 86' lang='lat' dir='ltr'>segetem</span> <span class='ocrx_word' id='word_1_198' title='bbox 599 1499 737 1534; x_wconf 83' lang='lat' dir='ltr'>magna</span> <span class='ocrx_word' id='word_1_199' title='bbox 757 1486 810 1522; x_wconf 88' lang='lat' dir='ltr'>vis</span> <span class='ocrx_word' id='word_1_200' title='bbox 844 1486 1039 1522; x_wconf 87' lang='lat' dir='ltr'>hominum</span> <span class='ocrx_word' id='word_1_201' title='bbox 1066 1485 1175 1521; x_wconf 86' lang='lat' dir='ltr'>simul</span> <span class='ocrx_word' id='word_1_202' title='bbox 1206 1484 1374 1520; x_wconf 87' lang='lat' dir='ltr'>immissa</span> <span class='ocrx_word' id='word_1_203' title='bbox 1393 1496 1473 1520; x_wconf 92' lang='lat' dir='ltr'>cor-</span> 
     </span>
     <span class='ocr_line' id='line_1_25' title="bbox 190 1535 1473 1584; baseline -0.002 -11"><span class='ocrx_word' id='word_1_204' title='bbox 190 1538 299 1574; x_wconf 91' lang='lat' dir='ltr'>bibus</span> <span class='ocrx_word' id='word_1_205' title='bbox 336 1538 465 1574; x_wconf 72' lang='lat' dir='ltr'>fudere</span> <span class='ocrx_word' id='word_1_206' title='bbox 495 1538 531 1575; x_wconf 93' lang='lat' dir='ltr'>in</span> <span class='ocrx_word' id='word_1_207' title='bbox 564 1539 748 1583; x_wconf 87' lang='lat' dir='ltr'>Tiberim,</span> <span class='ocrx_word' id='word_1_208' title='bbox 778 1538 882 1574; x_wconf 86' lang='lat' dir='ltr'>tenui</span> <span class='ocrx_word' id='word_1_209' title='bbox 913 1537 1092 1573; x_wconf 84' lang='lat' dir='ltr'>fluentem</span> <span class='ocrx_word' id='word_1_210' title='bbox 1122 1536 1232 1584; x_wconf 69' lang='lat' dir='ltr'>aqua,</span> <span class='ocrx_word' id='word_1_211' title='bbox 1270 1542 1310 1572; x_wconf 90' lang='lat' dir='ltr'>ut</span> <span class='ocrx_word' id='word_1_212' title='bbox 1338 1535 1473 1571; x_wconf 89' lang='lat' dir='ltr'>mediis</span> 
     </span>
    </p>

    <p class='ocr_par' dir='ltr' id='par_1_7' title="bbox 145 1588 1474 1846">
     <span class='ocr_line' id='line_1_26' title="bbox 145 1588 1473 1627; baseline -0.002 -1"><span class='ocrx_word' id='word_1_213' title='bbox 145 1589 377 1626; x_wconf 81' lang='lat' dir='ltr'>250aloribus</span> <span class='ocrx_word' id='word_1_214' title='bbox 405 1590 523 1627; x_wconf 88' lang='lat' dir='ltr'>solet:</span> <span class='ocrx_word' id='word_1_215' title='bbox 570 1590 622 1626; x_wconf 87' lang='lat' dir='ltr'>ita</span> <span class='ocrx_word' id='word_1_216' title='bbox 650 1590 688 1626; x_wconf 90' lang='lat' dir='ltr'>in</span> <span class='ocrx_word' id='word_1_217' title='bbox 718 1590 823 1626; x_wconf 87' lang='lat' dir='ltr'>vadis</span> <span class='ocrx_word' id='word_1_218' title='bbox 862 1589 1070 1625; x_wconf 67' lang='lat' dir='ltr'>haesitantis</span> <span class='ocrx_word' id='word_1_219' title='bbox 1114 1588 1288 1624; x_wconf 88' lang='lat' dir='ltr'>frumenti</span> <span class='ocrx_word' id='word_1_220' title='bbox 1320 1600 1473 1624; x_wconf 82' lang='lat' dir='ltr'>acervos</span> 
     </span>
     <span class='ocr_line' id='line_1_27' title="bbox 190 1640 1473 1689; baseline -0.002 -12"><span class='ocrx_word' id='word_1_221' title='bbox 190 1641 331 1677; x_wconf 88' lang='lat' dir='ltr'>sedisse</span> <span class='ocrx_word' id='word_1_222' title='bbox 362 1642 472 1678; x_wconf 85' lang='lat' dir='ltr'>illitos</span> <span class='ocrx_word' id='word_1_223' title='bbox 501 1642 616 1679; x_wconf 88' lang='lat' dir='ltr'>limo:</span> <span class='ocrx_word' id='word_1_224' title='bbox 659 1642 821 1678; x_wconf 90' lang='lat' dir='ltr'>insulam</span> <span class='ocrx_word' id='word_1_225' title='bbox 855 1641 944 1677; x_wconf 91' lang='lat' dir='ltr'>inde</span> <span class='ocrx_word' id='word_1_226' title='bbox 972 1640 1167 1689; x_wconf 85' lang='lat' dir='ltr'>paulatim,</span> <span class='ocrx_word' id='word_1_227' title='bbox 1204 1647 1242 1676; x_wconf 87' lang='lat' dir='ltr'>et</span> <span class='ocrx_word' id='word_1_228' title='bbox 1275 1640 1371 1686; x_wconf 88' lang='lat' dir='ltr'>aliis,</span> <span class='ocrx_word' id='word_1_229' title='bbox 1390 1652 1473 1687; x_wconf 88' lang='lat' dir='ltr'>quae</span> 
     </span>
     <span class='ocr_line' id='line_1_28' title="bbox 191 1692 1474 1740; baseline -0.001 -11"><span class='ocrx_word' id='word_1_230' title='bbox 191 1693 261 1729; x_wconf 89' lang='lat' dir='ltr'>fert</span> <span class='ocrx_word' id='word_1_231' title='bbox 292 1693 433 1730; x_wconf 76' lang='lat' dir='ltr'>temere</span> <span class='ocrx_word' id='word_1_232' title='bbox 466 1693 622 1740; x_wconf 86' lang='lat' dir='ltr'>fiumen,</span> <span class='ocrx_word' id='word_1_233' title='bbox 651 1693 783 1730; x_wconf 73' lang='lat' dir='ltr'>eodem</span> <span class='ocrx_word' id='word_1_234' title='bbox 806 1694 977 1736; x_wconf 82' lang='lat' dir='ltr'>invectis,</span> <span class='ocrx_word' id='word_1_235' title='bbox 1000 1693 1164 1729; x_wconf 83' lang='lat' dir='ltr'>factam:</span> <span class='ocrx_word' id='word_1_236' title='bbox 1210 1699 1340 1740; x_wconf 86' lang='lat' dir='ltr'>postea</span> <span class='ocrx_word' id='word_1_237' title='bbox 1359 1692 1474 1728; x_wconf 87' lang='lat' dir='ltr'>credo</span> 
     </span>
     <span class='ocr_line' id='line_1_29' title="bbox 191 1743 1473 1794; baseline -0.002 -13"><span class='ocrx_word' id='word_1_238' title='bbox 191 1745 336 1781; x_wconf 87' lang='lat' dir='ltr'>additas</span> <span class='ocrx_word' id='word_1_239' title='bbox 354 1746 484 1791; x_wconf 90' lang='lat' dir='ltr'>moles,</span> <span class='ocrx_word' id='word_1_240' title='bbox 505 1758 693 1793; x_wconf 86' lang='lat' dir='ltr'>manuque</span> <span class='ocrx_word' id='word_1_241' title='bbox 713 1746 897 1794; x_wconf 86' lang='lat' dir='ltr'>adjutum,</span> <span class='ocrx_word' id='word_1_242' title='bbox 929 1752 970 1781; x_wconf 90' lang='lat' dir='ltr'>ut</span> <span class='ocrx_word' id='word_1_243' title='bbox 989 1751 1063 1780; x_wconf 88' lang='lat' dir='ltr'>tam</span> <span class='ocrx_word' id='word_1_244' title='bbox 1085 1744 1259 1780; x_wconf 89' lang='lat' dir='ltr'>eminens</span> <span class='ocrx_word' id='word_1_245' title='bbox 1279 1756 1378 1786; x_wconf 85' lang='lat' dir='ltr'>area,</span> <span class='ocrx_word' id='word_1_246' title='bbox 1414 1743 1473 1779; x_wconf 87' lang='lat' dir='ltr'>fir-</span> 
     </span>
     <span class='ocr_line' id='line_1_30' title="bbox 190 1794 1474 1846; baseline -0.002 -13"><span class='ocrx_word' id='word_1_247' title='bbox 190 1809 323 1845; x_wconf 89' lang='lat' dir='ltr'>maque</span> <span class='ocrx_word' id='word_1_248' title='bbox 342 1798 491 1846; x_wconf 89' lang='lat' dir='ltr'>templis</span> <span class='ocrx_word' id='word_1_249' title='bbox 510 1810 654 1846; x_wconf 91' lang='lat' dir='ltr'>quoque</span> <span class='ocrx_word' id='word_1_250' title='bbox 675 1810 720 1834; x_wconf 86' lang='lat' dir='ltr'>ac</span> <span class='ocrx_word' id='word_1_251' title='bbox 739 1797 946 1846; x_wconf 87' lang='lat' dir='ltr'>porticibus</span> <span class='ocrx_word' id='word_1_252' title='bbox 979 1796 1210 1832; x_wconf 89' lang='lat' dir='ltr'>sustinendis</span> <span class='ocrx_word' id='word_1_253' title='bbox 1240 1803 1349 1832; x_wconf 86' lang='lat' dir='ltr'>esset.</span> <span class='ocrx_word' id='word_1_254' title='bbox 1406 1794 1474 1831; x_wconf 90' lang='lat' dir='ltr'>Di-</span> 
     </span>
    </p>

    <p class='ocr_par' dir='ltr' id='par_1_8' title="bbox 145 1846 1473 2106">
     <span class='ocr_line' id='line_1_31' title="bbox 145 1846 1472 1898; baseline -0.002 -12"><span class='ocrx_word' id='word_1_255' title='bbox 145 1861 178 1886; x_wconf 85' lang='lat'>30</span> <span class='ocrx_word' id='word_1_256' title='bbox 191 1849 303 1897; x_wconf 84' lang='lat' dir='ltr'>reptis</span> <span class='ocrx_word' id='word_1_257' title='bbox 324 1850 431 1886; x_wconf 92' lang='lat' dir='ltr'>bonis</span> <span class='ocrx_word' id='word_1_258' title='bbox 451 1846 595 1898; x_wconf 67' lang='lat' dir='ltr'>regum‘,</span> <span class='ocrx_word' id='word_1_259' title='bbox 616 1849 784 1886; x_wconf 82' lang='lat' dir='ltr'>damnati</span> <span class='ocrx_word' id='word_1_260' title='bbox 804 1849 1024 1898; x_wconf 87' lang='lat' dir='ltr'>proditores,</span> <span class='ocrx_word' id='word_1_261' title='bbox 1047 1855 1312 1896; x_wconf 85' lang='lat' dir='ltr'>sumptumque</span> <span class='ocrx_word' id='word_1_262' title='bbox 1333 1847 1472 1896; x_wconf 90' lang='lat' dir='ltr'>suppli-</span> 
     </span>
     <span class='ocr_line' id='line_1_32' title="bbox 190 1899 1471 1950; baseline -0.002 -12"><span class='ocrx_word' id='word_1_263' title='bbox 190 1901 305 1944; x_wconf 83' lang='lat' dir='ltr'>oium,</span> <span class='ocrx_word' id='word_1_264' title='bbox 342 1902 584 1950; x_wconf 88' lang='lat' dir='ltr'>conspectius</span> <span class='ocrx_word' id='word_1_265' title='bbox 613 1900 669 1946; x_wconf 75' lang='lat' dir='ltr'>eo,</span> <span class='ocrx_word' id='word_1_266' title='bbox 703 1899 800 1949; x_wconf 72' lang='lat' dir='ltr'>quod</span> <span class='ocrx_word' id='word_1_267' title='bbox 838 1913 959 1949; x_wconf 83' lang='lat' dir='ltr'>poenae</span> <span class='ocrx_word' id='word_1_268' title='bbox 996 1900 1191 1948; x_wconf 82' lang='lat' dir='ltr'>eapiendae</span> <span class='ocrx_word' id='word_1_269' title='bbox 1221 1900 1471 1936; x_wconf 90' lang='lat' dir='ltr'>ministerium</span> 
     </span>
     <span class='ocr_line' id='line_1_33' title="bbox 188 1952 1472 2002; baseline -0.002 -12"><span class='ocrx_word' id='word_1_270' title='bbox 188 1953 283 2002; x_wconf 88' lang='lat' dir='ltr'>patri</span> <span class='ocrx_word' id='word_1_271' title='bbox 303 1954 350 1989; x_wconf 92' lang='lat' dir='ltr'>de</span> <span class='ocrx_word' id='word_1_272' title='bbox 370 1954 497 1990; x_wconf 86' lang='lat' dir='ltr'>liberis</span> <span class='ocrx_word' id='word_1_273' title='bbox 515 1954 734 1990; x_wconf 84' lang='lat' dir='ltr'>consulatus</span> <span class='ocrx_word' id='word_1_274' title='bbox 763 1952 962 2001; x_wconf 90' lang='lat' dir='ltr'>imposuit;</span> <span class='ocrx_word' id='word_1_275' title='bbox 1005 1959 1056 1996; x_wconf 95' lang='lat' dir='ltr'>et,</span> <span class='ocrx_word' id='word_1_276' title='bbox 1089 1952 1152 2000; x_wconf 91' lang='lat' dir='ltr'>qui</span> <span class='ocrx_word' id='word_1_277' title='bbox 1186 1959 1373 2000; x_wconf 86' lang='lat' dir='ltr'>spectator</span> <span class='ocrx_word' id='word_1_278' title='bbox 1393 1958 1472 1987; x_wconf 88' lang='lat' dir='ltr'>erat</span> 
     </span>
     <span class='ocr_line' id='line_1_34' title="bbox 190 2003 1471 2054; baseline -0.002 -13"><span class='ocrx_word' id='word_1_279' title='bbox 190 2006 432 2049; x_wconf 87' lang='lat' dir='ltr'>amovendus,</span> <span class='ocrx_word' id='word_1_280' title='bbox 461 2018 549 2042; x_wconf 91' lang='lat' dir='ltr'>eum</span> <span class='ocrx_word' id='word_1_281' title='bbox 575 2005 696 2054; x_wconf 88' lang='lat' dir='ltr'>ipsum</span> <span class='ocrx_word' id='word_1_282' title='bbox 725 2005 875 2042; x_wconf 88' lang='lat' dir='ltr'>fortuna</span> <span class='ocrx_word' id='word_1_283' title='bbox 906 2011 1123 2040; x_wconf 82' lang='lat' dir='ltr'>exactorem</span> <span class='ocrx_word' id='word_1_284' title='bbox 1157 2003 1330 2052; x_wconf 90' lang='lat' dir='ltr'>supplicii</span> <span class='ocrx_word' id='word_1_285' title='bbox 1356 2003 1471 2040; x_wconf 88' lang='lat' dir='ltr'>dedit.</span> 
     </span>
     <span class='ocr_line' id='line_1_35' title="bbox 191 2056 1473 2106; baseline -0.002 -12"><span class='ocrx_word' id='word_1_286' title='bbox 191 2057 350 2094; x_wconf 82' lang='lat' dir='ltr'>Stabant</span> <span class='ocrx_word' id='word_1_287' title='bbox 369 2058 522 2106; x_wconf 87' lang='lat' dir='ltr'>deligati</span> <span class='ocrx_word' id='word_1_288' title='bbox 543 2058 588 2094; x_wconf 89' lang='lat' dir='ltr'>ad</span> <span class='ocrx_word' id='word_1_289' title='bbox 609 2058 734 2106; x_wconf 90' lang='lat' dir='ltr'>palum</span> <span class='ocrx_word' id='word_1_290' title='bbox 755 2057 978 2094; x_wconf 88' lang='lat' dir='ltr'>nobilissimi</span> <span class='ocrx_word' id='word_1_291' title='bbox 1005 2056 1187 2105; x_wconf 88' lang='lat' dir='ltr'>juvenes:</span> <span class='ocrx_word' id='word_1_292' title='bbox 1234 2056 1300 2092; x_wconf 91' lang='lat' dir='ltr'>sed</span> <span class='ocrx_word' id='word_1_293' title='bbox 1320 2068 1342 2092; x_wconf 88' lang='lat' dir='ltr'>a</span> <span class='ocrx_word' id='word_1_294' title='bbox 1361 2063 1473 2092; x_wconf 84' lang='lat' dir='ltr'>caete-</span> 
     </span>
    </p>

    <p class='ocr_par' dir='ltr' id='par_1_9' title="bbox 146 2108 1472 2366">
     <span class='ocr_line' id='line_1_36' title="bbox 146 2108 1471 2158; baseline -0.002 -12"><span class='ocrx_word' id='word_1_295' title='bbox 146 2121 178 2146; x_wconf 78' lang='lat'>35</span> <span class='ocrx_word' id='word_1_296' title='bbox 190 2109 252 2156; x_wconf 89' lang='lat' dir='ltr'>ris,</span> <span class='ocrx_word' id='word_1_297' title='bbox 273 2109 372 2146; x_wconf 92' lang='lat' dir='ltr'>velut</span> <span class='ocrx_word' id='word_1_298' title='bbox 391 2109 438 2146; x_wconf 91' lang='lat' dir='ltr'>ab</span> <span class='ocrx_word' id='word_1_299' title='bbox 470 2110 608 2158; x_wconf 86' lang='lat' dir='ltr'>ignotis</span> <span class='ocrx_word' id='word_1_300' title='bbox 641 2109 840 2158; x_wconf 87' lang='lat' dir='ltr'>capitibus,</span> <span class='ocrx_word' id='word_1_301' title='bbox 870 2109 1036 2145; x_wconf 89' lang='lat' dir='ltr'>consulis</span> <span class='ocrx_word' id='word_1_302' title='bbox 1055 2108 1164 2144; x_wconf 91' lang='lat' dir='ltr'>liberi</span> <span class='ocrx_word' id='word_1_303' title='bbox 1183 2108 1353 2144; x_wconf 88' lang='lat' dir='ltr'>omnium</span> <span class='ocrx_word' id='word_1_304' title='bbox 1374 2108 1411 2144; x_wconf 89' lang='lat' dir='ltr'>in</span> <span class='ocrx_word' id='word_1_305' title='bbox 1432 2120 1471 2143; x_wconf 93' lang='lat' dir='ltr'>se</span> 
     </span>
     <span class='ocr_line' id='line_1_37' title="bbox 192 2160 1470 2209; baseline -0.001 -13"><span class='ocrx_word' id='word_1_306' title='bbox 192 2168 400 2198; x_wconf 83' lang='lat' dir='ltr'>averterant</span> <span class='ocrx_word' id='word_1_307' title='bbox 418 2162 572 2206; x_wconf 81' lang='lat' dir='ltr'>oculos3</span> <span class='ocrx_word' id='word_1_308' title='bbox 603 2161 877 2209; x_wconf 85' lang='lat' dir='ltr'>miserebatque</span> <span class='ocrx_word' id='word_1_309' title='bbox 899 2174 974 2197; x_wconf 91' lang='lat' dir='ltr'>non</span> <span class='ocrx_word' id='word_1_310' title='bbox 1003 2173 1124 2209; x_wconf 82' lang='lat' dir='ltr'>poenae</span> <span class='ocrx_word' id='word_1_311' title='bbox 1145 2160 1265 2209; x_wconf 84' lang='lat' dir='ltr'>magis</span> <span class='ocrx_word' id='word_1_312' title='bbox 1287 2160 1470 2204; x_wconf 87' lang='lat' dir='ltr'>homines,</span> 
     </span>
     <span class='ocr_line' id='line_1_38' title="bbox 191 2212 1472 2262; baseline 0 -15"><span class='ocrx_word' id='word_1_313' title='bbox 191 2212 301 2259; x_wconf 69' lang='lat' dir='ltr'>quam</span> <span class='ocrx_word' id='word_1_314' title='bbox 321 2213 487 2260; x_wconf 90' lang='lat' dir='ltr'>sceleris,</span> <span class='ocrx_word' id='word_1_315' title='bbox 517 2227 590 2262; x_wconf 92' lang='lat' dir='ltr'>quo</span> <span class='ocrx_word' id='word_1_316' title='bbox 608 2226 758 2262; x_wconf 87' lang='lat' dir='ltr'>poenam</span> <span class='ocrx_word' id='word_1_317' title='bbox 786 2214 907 2250; x_wconf 88' lang='lat' dir='ltr'>meriti</span> <span class='ocrx_word' id='word_1_318' title='bbox 936 2223 1087 2258; x_wconf 84' lang='lat' dir='ltr'>essent;</span> <span class='ocrx_word' id='word_1_319' title='bbox 1135 2212 1230 2259; x_wconf 86' lang='lat' dir='ltr'>illos,</span> <span class='ocrx_word' id='word_1_320' title='bbox 1263 2225 1308 2249; x_wconf 91' lang='lat' dir='ltr'>eo</span> <span class='ocrx_word' id='word_1_321' title='bbox 1327 2212 1472 2260; x_wconf 88' lang='lat' dir='ltr'>potissi-</span> 
     </span>
     <span class='ocr_line' id='line_1_39' title="bbox 192 2262 1472 2314; baseline 0 -15"><span class='ocrx_word' id='word_1_322' title='bbox 192 2262 296 2299; x_wconf 78' lang='lat' dir='ltr'>mum</span> <span class='ocrx_word' id='word_1_323' title='bbox 315 2276 414 2301; x_wconf 89' lang='lat' dir='ltr'>anno</span> <span class='ocrx_word' id='word_1_324' title='bbox 433 2266 589 2314; x_wconf 89' lang='lat' dir='ltr'>patriam</span> <span class='ocrx_word' id='word_1_325' title='bbox 619 2265 826 2310; x_wconf 81' lang='lat' dir='ltr'>liberatam,</span> <span class='ocrx_word' id='word_1_326' title='bbox 856 2273 1001 2314; x_wconf 89' lang='lat' dir='ltr'>patrem</span> <span class='ocrx_word' id='word_1_327' title='bbox 1021 2265 1273 2312; x_wconf 73' lang='lat' dir='ltr'>liberatorem,</span> <span class='ocrx_word' id='word_1_328' title='bbox 1299 2263 1472 2300; x_wconf 87' lang='lat' dir='ltr'>consula-</span> 
     </span>
     <span class='ocr_line' id='line_1_40' title="bbox 192 2316 1472 2366; baseline 0.001 -16"><span class='ocrx_word' id='word_1_329' title='bbox 192 2322 271 2351; x_wconf 90' lang='lat' dir='ltr'>tum</span> <span class='ocrx_word' id='word_1_330' title='bbox 291 2322 413 2352; x_wconf 87' lang='lat' dir='ltr'>ortum</span> <span class='ocrx_word' id='word_1_331' title='bbox 431 2329 477 2353; x_wconf 88' lang='lat' dir='ltr'>ex</span> <span class='ocrx_word' id='word_1_332' title='bbox 496 2318 607 2354; x_wconf 89' lang='lat' dir='ltr'>domo</span> <span class='ocrx_word' id='word_1_333' title='bbox 639 2317 769 2364; x_wconf 61' lang='lat' dir='ltr'>Junifi,</span> <span class='ocrx_word' id='word_1_334' title='bbox 807 2317 950 2364; x_wconf 86' lang='lat' dir='ltr'>Patres,</span> <span class='ocrx_word' id='word_1_335' title='bbox 982 2317 1143 2366; x_wconf 89' lang='lat' dir='ltr'>plebem,</span> <span class='ocrx_word' id='word_1_336' title='bbox 1171 2316 1351 2365; x_wconf 89' lang='lat' dir='ltr'>quidquid</span> <span class='ocrx_word' id='word_1_337' title='bbox 1373 2316 1472 2352; x_wconf 93' lang='lat' dir='ltr'>Deo-</span> 
     </span>
    </p>

    <p class='ocr_par' dir='ltr' id='par_1_10' title="bbox 147 2367 1469 2470">
     <span class='ocr_line' id='line_1_41' title="bbox 147 2367 1469 2417; baseline -0.002 -13"><span class='ocrx_word' id='word_1_338' title='bbox 147 2379 179 2404; x_wconf 77' lang='grc' dir='ltr'>4ο</span> <span class='ocrx_word' id='word_1_339' title='bbox 192 2379 273 2403; x_wconf 92' lang='lat' dir='ltr'>rum</span> <span class='ocrx_word' id='word_1_340' title='bbox 296 2367 562 2417; x_wconf 87' lang='lat' dir='ltr'>hominumque</span> <span class='ocrx_word' id='word_1_341' title='bbox 593 2369 856 2406; x_wconf 88' lang='lat' dir='ltr'>Romanorum</span> <span class='ocrx_word' id='word_1_342' title='bbox 881 2377 992 2412; x_wconf 87' lang='lat' dir='ltr'>esset,</span> <span class='ocrx_word' id='word_1_343' title='bbox 1014 2369 1207 2405; x_wconf 87' lang='lat' dir='ltr'>induxisse</span> <span class='ocrx_word' id='word_1_344' title='bbox 1231 2368 1269 2404; x_wconf 89' lang='lat' dir='ltr'>in</span> <span class='ocrx_word' id='word_1_345' title='bbox 1290 2368 1469 2410; x_wconf 85' lang='lat' dir='ltr'>animum,</span> 
     </span>
     <span class='ocr_line' id='line_1_42' title="bbox 192 2419 1469 2470; baseline -0.002 -15"><span class='ocrx_word' id='word_1_346' title='bbox 192 2426 232 2455; x_wconf 90' lang='lat' dir='ltr'>ut</span> <span class='ocrx_word' id='word_1_347' title='bbox 268 2419 428 2466; x_wconf 86' lang='lat' dir='ltr'>superbo</span> <span class='ocrx_word' id='word_1_348' title='bbox 463 2421 650 2467; x_wconf 80' lang='lat' dir='ltr'>quondam</span> <span class='ocrx_word' id='word_1_349' title='bbox 687 2422 778 2470; x_wconf 83' lang='lat' dir='ltr'>regi,</span> <span class='ocrx_word' id='word_1_350' title='bbox 812 2429 892 2458; x_wconf 91' lang='lat' dir='ltr'>tum</span> <span class='ocrx_word' id='word_1_351' title='bbox 922 2422 1058 2458; x_wconf 87' lang='lat' dir='ltr'>infesto</span> <span class='ocrx_word' id='word_1_352' title='bbox 1086 2421 1219 2463; x_wconf 83' lang='lat' dir='ltr'>exsuli,</span> <span class='ocrx_word' id='word_1_353' title='bbox 1258 2421 1469 2468; x_wconf 88' lang='lat' dir='ltr'>proderent.</span> 
     </span>
    </p>
   </div>
   <div class='ocr_carea' id='block_1_4' title="bbox 193 2469 1471 2521">
    <p class='ocr_par' dir='ltr' id='par_1_11' title="bbox 193 2469 1471 2521">
     <span class='ocr_line' id='line_1_43' title="bbox 193 2469 1471 2521; baseline -0.002 -14"><span class='ocrx_word' id='word_1_354' title='bbox 193 2470 379 2508; x_wconf 84' lang='lat' dir='ltr'>Consules</span> <span class='ocrx_word' id='word_1_355' title='bbox 415 2471 453 2508; x_wconf 88' lang='lat' dir='ltr'>in</span> <span class='ocrx_word' id='word_1_356' title='bbox 483 2472 611 2508; x_wconf 89' lang='lat' dir='ltr'>sedem</span> <span class='ocrx_word' id='word_1_357' title='bbox 639 2473 856 2521; x_wconf 74' lang='lat' dir='ltr'>processere</span> <span class='ocrx_word' id='word_1_358' title='bbox 885 2487 1005 2517; x_wconf 84' lang='lat' dir='ltr'>suam,</span> <span class='ocrx_word' id='word_1_359' title='bbox 1035 2473 1213 2521; x_wconf 89' lang='lat' dir='ltr'>missique</span> <span class='ocrx_word' id='word_1_360' title='bbox 1247 2472 1395 2508; x_wconf 84' lang='lat' dir='ltr'>lictores</span> <span class='ocrx_word' id='word_1_361' title='bbox 1424 2469 1471 2505; x_wconf 85' lang='lat' dir='ltr'>ad</span> 
     </span>
    </p>
   </div>
  </div>
 </body>
</html>
