1617 2765
177 207 231 245 86
702 206 793 239 T1T1
818 208 923 237 mvn

177 312 384 349 gressuque
417 302 677 351 impotentium
712 303 948 340 dominorum
979 315 1018 339 se
1047 303 1284 339 amovissent.
1356 303 1460 342 Post-

177 365 289 400 quam
309 353 412 391 citati
434 368 508 392 non
530 356 820 401 conveniebant,
853 355 997 391 dimissi
1027 355 1129 391 circa
1158 355 1288 391 domos
1317 357 1461 405 appari-

176 412 289 447 tores,
320 407 428 443 simul
459 408 505 443 ad
534 408 693 455 pignora
735 407 931 455 capienda,
975 407 1334 455 sciscitandumque,
1370 421 1459 445 num

177 457 351 494 consulto
381 459 669 495 detrectarent?
726 459 906 502 referunt,
946 466 1118 495 senatum
1158 459 1195 495 in
1239 460 1338 507 agris
1365 473 1460 498 esse.

176 507 324 545 Laetius
346 511 380 547 id
401 511 626 547 decemviris
646 511 799 558 accidit,
829 510 942 559 quam
977 511 1006 546 si
1027 518 1230 559 praesentes
1249 512 1459 548 detrectare
1489 525 1506 550 5

176 560 375 609 imperium
404 563 597 600 referrent.
654 563 798 599 Jubent
826 563 941 599 acciri
970 576 1116 608 omneS,
1145 571 1392 611 senatumque
1421 565 1460 600 in

176 613 277 670 diem
298 623 488 662 posterum
509 616 689 660 edicunt3
723 616 785 663 qui
807 614 997 663 aliquanto
1018 627 1083 663 spe
1104 615 1267 663 ipsorum
1290 615 1462 663 frequen-

175 671 246 701 tior
275 668 475 704 convenit:
504 680 577 715 quo
598 668 695 704 facto
714 667 897 715 proditam
927 680 949 703 a
977 666 1150 703 Patribus
1179 667 1283 715 plebs
1312 667 1462 704 liberta-

174 725 250 774 tem
272 727 364 765 rata,
384 720 480 767 quod
503 720 560 765 iis,
575 720 638 767 qui
655 719 732 768 jam
755 719 972 767 magistratu
1006 719 1184 761 abissent,
1220 720 1459 768 privatisque,

175 780 206 804 si
227 769 280 805 vis
301 772 461 815 abesset,
482 779 672 819 tamquam
701 771 784 820 jure
815 770 1053 819 cogentibus,
1084 778 1238 807 senatus
1262 772 1459 819 paruisset.
1477 785 1506 809 io

227 871 425 912 XXXIX.
471 876 547 912 Sed
568 876 688 924 magis
720 874 940 912 obedienter
968 881 1121 911 ventum
1151 874 1189 910 in
1219 875 1362 911 curiam
1391 882 1461 919 est,

175 926 290 972 quam
318 927 482 965 obnoxie
519 929 640 965 dictas
668 928 874 964 sententias
903 927 1131 975 accepimus.
1201 926 1244 963 L.
1267 927 1461 973 Valerium

174 975 353 1033 Potitum,
374 981 559 1029 proditum
591 980 781 1017 memoriae
810 987 879 1022 est,
910 978 999 1027 post*
1011 979 1230 1015 relationem
1255 980 1325 1026 Ap.
1348 980 1461 1015 Clau-

174 1028 240 1076 dil,
261 1033 476 1081 priusquam
493 1033 624 1069 ordine
641 1031 838 1069 sententiae
856 1039 1088 1079 rogarentur,
1111 1031 1334 1079 postulando
1354 1039 1393 1067 ut
1413 1032 1460 1068 de

174 1085 367 1131 republica
388 1085 519 1121 liceret
538 1085 680 1127 dicere,
701 1084 986 1132 prohibentibus
1004 1083 1202 1119 minaciter
1222 1083 1459 1129 decemviris,
1476 1099 1505 1123 15

173 1138 406 1180 proditurum
424 1149 463 1172 se
484 1137 530 1173 ad
551 1137 697 1185 plebem
719 1136 1018 1180 denuntiantem,
1036 1135 1239 1171 tumultum
1259 1136 1460 1172 excivisse.

174 1184 261 1223 Nec
282 1188 405 1225 minus
426 1189 599 1225 ferociter
630 1190 679 1226 M.
714 1188 914 1224 Horatium
944 1187 1147 1223 Barbatum
1169 1187 1241 1222 isse
1275 1187 1312 1223 in
1343 1195 1461 1224 certa-

174 1251 276 1282 men,
308 1241 480 1277 “decem
514 1240 779 1289 Tarquinios'’
809 1239 1070 1287 appellantem,
1102 1239 1459 1287 admonentemque,

174 1291 378 1329 “Valeriis
406 1300 444 1330 et
473 1293 642 1329 Horatiis
669 1292 832 1328 ducibus
860 1292 985 1339 pulsos
1013 1304 1147 1339 reges:
1194 1303 1266 1327 nec
1296 1291 1460 1327 nominis

174 1342 199 1362 “
217 1346 389 1382 homines
408 1353 486 1381 tum
508 1353 706 1393 pertaesum
727 1356 832 1387 esse3
872 1343 1008 1391 quippe
1038 1356 1111 1390 quo
1130 1342 1262 1379 Jovem
1283 1343 1505 1391 appellarim

174 1395 198 1415 ‘⁴
217 1398 270 1434 fas
289 1398 349 1440 sit,
379 1410 451 1446 quo
474 1397 681 1434 Romulum
714 1396 949 1433 conditorem
983 1395 1096 1440 urbis,
1131 1395 1386 1444 deincepsque
1406 1408 1462 1432 re-

175 1448 281 1500 “ges
315 1450 540 1498 appellatos3
583 1450 683 1498 quod
703 1449 820 1485 sacris
848 1448 975 1490 etiam,
1007 1454 1046 1484 ut
1075 1447 1244 1490 solenne,
1272 1454 1460 1484 retentum

175 1501 198 1520 ‘⁶
216 1503 273 1539 sit.
341 1501 566 1551 Superbiam
602 1501 889 1548 violentiamque
919 1507 997 1536 tum
1026 1512 1177 1547 perosos
1205 1500 1330 1548 regis:
1377 1512 1460 1547 quae

175 1553 199 1573 ‘⁴
217 1555 246 1591 si
277 1555 315 1591 in
346 1567 434 1603 rege
463 1562 543 1590 tum
563 1554 711 1596 eodem,
732 1560 795 1588 aut
815 1552 852 1588 in
873 1552 949 1588 filio
978 1552 1089 1599 regis,
1112 1551 1266 1587 ferenda
1285 1564 1360 1587 non
1382 1552 1461 1587 sue-

174 1605 313 1651 “rint3
359 1619 471 1655 quem
500 1606 663 1643 laturum
694 1606 731 1641 in
761 1613 814 1641 tot
841 1604 1024 1652 privatis?
1083 1603 1280 1650 Viderent,
1309 1616 1370 1645 ne,
1401 1616 1505 1641 ite-25

175 1657 332 1696 “tando
352 1659 390 1695 in
420 1658 527 1695 curia
555 1658 675 1694 libere
711 1657 883 1693 homines
905 1656 1018 1704 loqui,
1039 1663 1145 1692 extra
1173 1655 1318 1692 curiam
1347 1655 1460 1691 etiam

174 1710 198 1730 “
216 1718 410 1748 moverent
429 1723 582 1747 vocem:
612 1722 733 1758 neque
754 1722 793 1745 se
824 1709 963 1754 videre,
992 1709 1055 1756 qui
1076 1708 1147 1744 sibi
1168 1708 1291 1743 minus
1319 1707 1462 1756 privato

173 1763 261 1800 “ad
283 1763 506 1800 concionem
527 1763 705 1811 populum
726 1774 874 1807 vocare,
893 1761 1003 1809 quam
1026 1760 1098 1796 illis
1117 1767 1289 1796 senatum
1310 1772 1460 1807 cogere,

174 1816 339 1853 “liceat.
397 1815 471 1852 Ubi
508 1815 659 1858 vellent,
698 1813 968 1862 experirentur,
999 1811 1140 1861 quanto
1170 1812 1328 1848 ferocior
1357 1811 1461 1847 dolor

174 1868 386 1905 “libertate
406 1868 476 1904 sua
505 1867 743 1909 vindicanda,
774 1866 886 1914 quam
919 1865 1107 1913 cupiditas
1127 1864 1265 1913 injusta
1293 1863 1462 1899 domina-
1473 1877 1505 1901 :io

174 1920 198 1940 “
216 1921 330 1963 tione,
352 1927 462 1956 esset.
520 1919 578 1955 De
595 1919 692 1954 bello
714 1918 856 1954 Sabino
876 1929 939 1953 eos
959 1917 1097 1952 referre
1114 1929 1124 1960 3
1163 1923 1353 1963 tamquam
1385 1928 1461 1951 ina-

174 1972 273 2021 “jus
295 1973 411 2008 ullum
431 1971 568 2020 populo
587 1971 765 2007 Romano
795 1969 934 2005 bellum
968 1969 1027 2010 sit,
1057 1967 1169 2016 quam
1197 1980 1284 2004 cum
1306 1968 1362 2013 iis,
1382 1968 1459 2016 qui,

175 2026 343 2074 “legum
365 2024 602 2060 ferendarum
636 2024 749 2059 causa
779 2020 909 2063 creati,
931 2020 1132 2069 nihiljuris
1161 2020 1198 2056 in
1226 2020 1376 2056 civitate
1406 2032 1462 2056 re-

174 2078 199 2099 “
217 2077 414 2125 liquerint;
444 2076 506 2124 qui
527 2075 693 2120 comitia,
713 2073 776 2122 qui
799 2085 945 2108 annuos
965 2073 1216 2121 magistratuS‚
1236 2072 1298 2120 qui
1320 2072 1462 2108 vicissi-

173 2129 384 2166 “tudinem
406 2127 644 2177 imperitandi
666 2126 780 2175 (quod
802 2137 919 2161 unum
939 2125 1181 2172 exaequandae
1194 2124 1240 2160 sit
1261 2124 1458 2174 libertatis)
1473 2136 1506 2162 ³5

175 2183 198 2204 “
217 2181 463 2224 sustulerint,
493 2180 555 2228 qui
577 2179 708 2228 privati
730 2178 850 2214 fasces
878 2183 916 2212 et
944 2177 1089 2225 regium
1120 2176 1317 2224 imperium
1348 2176 1461 2212 liabe-

175 2236 199 2256 “
217 2241 292 2270 ant.
361 2233 508 2275 Fuisse,
531 2232 683 2280 regibus
702 2229 858 2271 exactis,
879 2229 1056 2277 patricios
1085 2229 1324 2277 magistratus
1356 2240 1460 2264 crea-

176 2290 201 2311 “
218 2293 300 2329 tos,
332 2292 470 2333 postea,
492 2292 574 2332 post
592 2283 846 2320 secessionem
881 2281 1011 2329 plebis,
1033 2281 1209 2330 plebejos.
1267 2281 1387 2329 Cujus
1407 2279 1458 2316 illi

174 2338 332 2387 “partis
365 2336 554 2372 essent'?”
584 2335 756 2384 rogitare.
811 2336 834 2355 “
853 2333 1086 2381 Populares?
1134 2333 1222 2381 quid
1264 2333 1366 2369 enim
1395 2344 1460 2368 eos

175 2393 282 2438 “per
310 2389 488 2438 populum
517 2387 671 2436 egisse?
727 2386 965 2434 optimates?
1011 2386 1073 2434 qui
1111 2399 1210 2422 anno
1235 2385 1311 2434 jam
1341 2386 1503 2433 propew

176 2445 202 2466 “
219 2449 391 2479 senatum
411 2453 486 2477 non
508 2439 730 2483 habuerint,
761 2447 851 2475 tunc
872 2439 922 2474 ita
944 2438 1120 2481 habeant,
1141 2447 1181 2474 ut
1199 2438 1246 2474 de
1266 2437 1458 2485 republica

177 2494 318 2543 “loqui
339 2493 588 2543 prohibeant?
644 2491 705 2528 Ne
726 2491 884 2527 nimium
914 2490 951 2526 in
983 2499 1084 2527 metu
1105 2491 1228 2527 alieno
1247 2490 1325 2539 spei
1346 2502 1459 2538 pone-
