1617 2765
578 150 717 182 LIBER
739 151 881 181 XXVII.
921 160 996 182 CAP.
1014 162 1095 183 va.
1397 156 1474 193 225

190 246 299 296 periti
319 260 443 284 rerum
465 246 673 295 Hispaniae,
696 252 719 268 “
734 246 834 282 haud
854 258 942 283 curn
972 246 1099 295 ignoto
1133 246 1231 282 duce
1252 247 1296 283 C.
1319 247 1472 287 Nerone

192 306 215 322 “
229 312 520 348 congressurum
538 311 545 343 ;
594 299 658 335 sed
688 311 814 346 quem,
835 298 872 334 in
894 299 988 335 saltu
1015 298 1196 346 impedito
1215 299 1473 346 deprehensus

192 351 335 394 “forte‚
358 352 455 388 haud
475 364 586 388 secus
605 349 719 398 quam
752 363 922 399 puerum,
956 350 1243 387 conscribendis
1277 351 1472 389 fallacibus

192 404 510 440 “conditionibus
543 403 646 452 pacis
667 403 866 439 frustratus
891 403 1101 439 elusisset.’'
1159 402 1301 439 Omnia
1334 404 1474 452 majora

160 455 301 492 5etiam
324 468 408 493 vero
428 456 601 504 praesidia
630 455 804 500 hostium,
837 455 982 492 minora
1012 468 1091 499 sua,
1123 462 1225 492 metu
1255 455 1470 504 interprete,

189 520 336 558 semper
356 508 392 545 in
411 508 596 545 deteriora
615 507 807 553 inclinato,
829 507 1031 544 ducebant.

240 613 363 650 XLV.
410 613 527 660 Nero,
561 620 755 662 postquam
781 613 860 663 jam
894 620 1041 650 tantum
1079 613 1263 650 intervalli
1291 613 1337 649 ab
1367 613 1472 651 hoste

187 665 338 710 fecerat,
361 673 401 703 ut
420 666 546 715 detegi
567 667 767 703 consilium
789 666 877 702 satis
908 673 1029 702 tutum
1050 673 1162 710 esset,
1184 666 1315 714 paucis
1336 667 1472 703 milites

186 717 396 766 alloquitur.
443 718 584 767 Negat,
607 725 630 741 “
645 719 756 755 ullius
772 718 973 755 consilium
993 719 1228 768 imperatoris
1247 719 1285 755 in
1306 719 1472 767 speciem

143 782 173 806 10
190 773 213 792 ‘·‘
227 770 423 817 audacius,
456 771 597 819 reipsa
627 771 744 808 tutius
764 771 890 817 fuisse,
921 771 1033 819 quarn
1057 784 1178 807 suum.
1236 771 1298 808 Ad
1329 779 1471 807 certam

187 825 211 845 “
224 834 288 858 eos
308 835 348 859 se
368 823 562 859 victoriam
582 823 745 860 ducere:
789 824 925 872 quippe
952 824 998 860 ad
1028 824 1126 872 quod
1158 823 1297 859 bellum
1327 823 1472 872 collega

187 875 298 911 “non
320 874 420 922 ante,
439 874 550 923 quam
581 876 627 912 ad
656 876 866 912 satietatem
896 876 1012 924 ipsius
1041 876 1209 924 peditum
1231 883 1340 923 atque
1370 875 1471 924 equi·

186 929 210 950 “
223 934 302 962 tum
323 927 420 963 datae
441 927 487 963 ab
507 935 639 964 senatu
669 928 790 976 copiae
817 928 976 964 fuissent
1005 928 1164 976 majores
1197 928 1472 964 instructiores-

185 981 210 1002 ‘4
223 991 309 1026 que,
329 977 443 1026 quam
473 979 503 1015 si
533 980 712 1015 adversus
741 980 862 1027 ipsum
890 980 1147 1015 Hannibalem
1168 980 1251 1025 iret,
1281 980 1471 1027 profectus

141 1034 210 1067 15ιι
227 1030 286 1074 sit,
308 1030 352 1067 eo
373 1031 484 1079 ipsos,
514 1038 862 1079 quantumcumque
892 1031 1025 1067 virium
1054 1038 1289 1068 momentum
1319 1031 1472 1067 addide-

185 1087 209 1107 “
222 1083 309 1127 rint,
339 1095 418 1119 rem
446 1096 597 1120 omnem
628 1083 886 1120 inclinaturos.
962 1084 1147 1120 Auditum
1179 1083 1290 1120 modo
1319 1083 1357 1120 in
1387 1083 1470 1120 acie

185 1134 344 1185 “(nam‚
364 1148 412 1171 ne
433 1136 518 1172 ante
550 1136 755 1181 audiretur,
793 1136 968 1171 daturum
997 1137 1168 1185 operam)
1201 1135 1358 1172 alterum
1380 1148 1471 1172 con-

185 1191 209 1212 ‘4
223 1187 342 1223 sulem
363 1194 399 1223 et
420 1187 578 1224 alterum
597 1188 805 1223 exercitum
827 1188 1036 1232 advenisse,
1060 1188 1158 1224 haud
1179 1187 1332 1224 dubiam
1355 1188 1471 1225 victo-

185 1242 209 1262 ‘⁶
223 1239 317 1276 riam
342 1239 540 1275 facturum.
597 1239 756 1275 Famam
790 1240 929 1276 bellum
958 1239 1160 1283 conficere,
1190 1247 1227 1276 et
1256 1252 1368 1288 parva
1395 1252 1471 1277 mo-

137 1294 209 1328 20“
222 1298 350 1328 menta
370 1291 407 1328 in
428 1304 532 1340 spem
552 1299 768 1340 metumque
798 1292 989 1340 impellere
1020 1292 1176 1328 animos.
1233 1292 1370 1328 Gloriae
1389 1292 1472 1340 qui-

185 1347 209 1368 ‘⁶
222 1344 308 1380 dem
328 1356 375 1380 ex
394 1356 433 1380 re
454 1344 551 1380 bene
570 1345 678 1393 gesta
709 1351 824 1392 partae
858 1344 1020 1381 fructum
1053 1344 1166 1392 prope
1196 1357 1346 1381 omnem
1370 1344 1469 1393 ipsos

185 1399 208 1419 “
221 1396 373 1432 laturos.
430 1396 599 1445 Semper,
619 1397 717 1444 quod
746 1403 976 1445 postremum
1010 1397 1200 1445 adjectum
1233 1397 1292 1442 sit,
1323 1397 1360 1433 id
1388 1409 1469 1433 rem

184 1451 338 1484 “totam
358 1448 476 1484 videri
495 1449 663 1484 traxisse.
720 1449 888 1485 Cernere
919 1449 1029 1497 ipsos,
1060 1461 1133 1496 quo
1162 1461 1365 1492 concursu,
1394 1449 1470 1496 qua

183 1502 206 1524 “
222 1499 483 1549 admiratione,
504 1513 577 1548 quo
596 1500 720 1537 favore
750 1501 945 1538 hominurn
976 1501 1044 1536 iter
1073 1513 1183 1537 suum
1216 1500 1468 1537 celebretur.'’

137 1551 233 1588 ‘25Et
255 1551 442 1601 (Hercule
459 1553 486 1601 l)
508 1565 574 1601 per
602 1553 784 1590 instructa
803 1553 931 1589 omnia
957 1553 1154 1590 ordinibus
1174 1553 1334 1589 virorum
1361 1552 1470 1589 muli-

183 1616 378 1652 erumque,
398 1604 565 1652 undique
584 1618 631 1642 ex
651 1605 749 1654 agris
769 1605 987 1652 effusorum,
1007 1605 1104 1641 inter
1124 1612 1207 1642 vota
1226 1612 1263 1641 et
1282 1617 1414 1654 preces
1431 1611 1470 1642 et

184 1655 316 1692 laudes
335 1656 462 1692 ibant:
506 1656 587 1693 illos
606 1657 780 1705 praesidia
806 1657 1036 1705 reipublicae,
1067 1657 1239 1693 vindices
1258 1657 1361 1693 urbis
1390 1657 1469 1694 Ro-

185 1720 257 1744 mae
288 1708 508 1756 imperiique
541 1709 800 1758 appellabant:
858 1709 896 1745 in
927 1709 1075 1746 illorum
1105 1709 1218 1745 armis
1251 1708 1469 1757 dextrisque

185 1773 290 1797 suam
321 1760 553 1809 liberumque
586 1774 737 1798 suorum
767 1761 924 1797 salutem
955 1774 999 1797 ac
1028 1761 1237 1798 libertatem
1267 1761 1469 1809 repositam

140 1825 172 1851 30
185 1825 279 1849 esse.
336 1812 438 1849 Deos
469 1826 601 1850 omnes
630 1813 805 1862 Deasque
838 1814 1102 1862 precabantur,
1133 1820 1173 1850 ut
1203 1813 1275 1849 illis
1305 1813 1468 1849 faustum

185 1865 267 1908 iter,
306 1864 467 1913 felixque
505 1878 642 1914 pugna,
675 1873 820 1902 matura
858 1878 904 1902 ex
944 1866 1113 1902 hostibus
1153 1865 1311 1902 victoria
1338 1872 1467 1902 esset:

184 1917 528 1966 damnarenturque
549 1918 618 1966 ipsi
639 1927 820 1963 votorum,
841 1930 924 1966 quae
944 1931 1010 1966 pro
1030 1918 1074 1954 iis
1094 1917 1378 1966 suscepissent3
1416 1925 1467 1964 ut,

183 1970 499 2017 quemadmodum
521 1982 624 2006 nunc
645 1970 794 2006 solliciti
825 1977 1139 2019 prosequerentur
1158 1982 1235 2013 eos,
1257 1971 1309 2007 ita
1328 1982 1470 2018 paucos

183 2029 267 2070 post
303 2021 384 2058 dies
411 2022 488 2058 laeti
516 2022 714 2059 ovantibus
753 2022 908 2059 victoria
946 2022 1094 2059 obviam
1124 2022 1232 2059 irent.
1304 2021 1469 2058 Invitare

139 2087 172 2112 35
187 2074 275 2110 inde
303 2086 370 2122 pro
398 2086 437 2109 se
457 2074 625 2122 quisque,
645 2081 683 2111 et
701 2074 848 2118 offerre,
868 2082 906 2111 et
925 2074 1082 2123 fatigare
1100 2074 1290 2123 precibus,
1313 2081 1365 2117 ut,
1385 2087 1468 2123 quae

186 2126 275 2175 ipsis
300 2126 555 2174 jumentisque
577 2127 658 2163 usui
678 2134 817 2174 essent,
851 2127 898 2163 ab
926 2139 965 2163 se
994 2125 1228 2175 potissimum
1248 2134 1467 2164 sumerent:

186 2178 350 2226 benigne
383 2178 513 2215 omnia
540 2179 732 2216 cumulata
761 2180 862 2216 dare.
933 2178 1123 2216 Modestia
1142 2186 1286 2216 certare
1316 2179 1467 2225 milites,

186 2243 235 2267 ne
263 2230 352 2278 quid
381 2230 477 2267 ultra
505 2243 614 2268 usum
642 2232 900 2269 necessarium
929 2238 1147 2268 sumerent:
1194 2231 1288 2268 nihil
1317 2231 1467 2277 morari,

187 2295 261 2319 nec
289 2282 336 2318 ab
363 2282 482 2331 signis
510 2283 689 2321 absistere
708 2285 836 2321 cibum
866 2284 1085 2333 capientes:
1128 2283 1229 2320 diem
1250 2296 1294 2320 ac
1315 2291 1467 2320 noctem

143 2347 175 2374 40
189 2334 263 2371 ire:
292 2334 366 2381 vix,
385 2335 483 2383 quod
503 2336 592 2372 satis
612 2336 657 2372 ad
677 2337 846 2373 naturale
873 2336 1101 2373 desiderium
1132 2349 1329 2384 corporum
1355 2341 1466 2381 esset,

187 2387 303 2436 quieti
324 2387 424 2424 dare.
482 2387 531 2424 Et
550 2387 596 2423 ad
616 2389 799 2438 collegam
819 2389 999 2438 praemissi
1019 2396 1137 2434 erant,
1167 2388 1230 2437 qui
1250 2387 1468 2424 nuntiarent

188 2439 402 2484 adventum,
432 2447 828 2490 percontarenturque,
857 2442 955 2479 clam
985 2454 1032 2478 an
1060 2440 1196 2491 palam,
1227 2438 1389 2477 interdiu
1420 2449 1467 2475 an
