1617 2765
556 180 692 212 LIBER
715 178 809 210 XXI.
834 187 915 208 CAP.
940 187 1036 208 xnvr.
1403 176 1478 214 189

250 276 395 315 XLVI.
443 274 557 324 Apud
594 274 789 310 Romanos
830 272 1118 320 haudquaquam
1163 277 1267 307 tanta
1305 270 1478 306 alacritas

197 337 290 373 erat,
311 340 422 377 super
441 334 577 364 caetera
595 326 811 362 recentibus
840 325 953 360 etiam
974 323 1121 360 territos
1140 322 1346 371 prodigiis:
1389 334 1477 358 nain

197 389 235 419 et
254 382 364 430 lupus
392 379 594 416 intraverat
622 385 759 420 castra,
793 376 1015 424 laniatisque
1048 375 1182 421 obviis,
1202 375 1282 422 ipse
1312 374 1478 409 intactus

197 439 391 476 evaserat3
437 437 475 467 et
493 442 652 467 examen
674 442 785 478 apum
820 429 857 465 in
891 428 1022 464 arbore
1055 427 1227 476 praetorio
1256 426 1478 462 imminente

168 496 184 521 5
198 485 432 522 consederat.
517 481 672 522 Quibus
713 481 934 530 procuratiS‚
980 480 1122 528 Scipio,
1175 491 1263 515 cum
1311 477 1477 525 equitatu

192 536 537 587 jaculatoribusque
557 534 741 582 expeditis
760 533 951 582 profectus
984 532 1030 568 ad
1064 539 1188 568 castra
1208 530 1382 574 hostium,
1413 541 1480 565 ex·

196 602 268 638 que
287 588 495 637 propinquo
513 586 653 635 copias,
675 593 837 634 quantae,
857 592 894 621 et
922 584 1032 633 cujus
1059 584 1210 633 generis
1229 589 1368 625 essent,
1399 594 1480 630 spe-

196 641 391 684 culandas,
412 640 543 677 obvius
561 639 602 675 fit
624 638 845 682 Hannibali,
878 644 916 673 et
946 637 1014 686 ipsi
1035 649 1123 673 cum
1143 635 1331 684 equitibus
1352 634 1399 670 ad
1419 646 1482 670 ex-

195 693 376 742 ploranda
394 692 497 729 circa
516 692 600 728 loca
617 703 824 740 progresso.
882 689 1018 726 Neutri
1039 689 1173 726 alteros
1202 686 1321 737 prim&
1352 698 1483 723 cerne-

154 756 183 781 10
197 746 312 782 bant:
359 745 511 781 densior
540 743 678 780 deinde
717 743 867 779 incessu
910 749 963 779 tot
1002 742 1196 778 hominum
1226 750 1481 788 equorumque

196 798 322 834 oriens
341 797 461 846 pulvis
480 796 629 845 signum
651 794 982 844 propinquantium
1006 794 1167 830 hostiurn
1194 793 1273 829 fuit.
1331 790 1482 828 Consti-

197 850 241 886 tit
269 857 468 897 utrumque
498 861 649 897 agmen,
678 855 716 884 et
743 847 873 896 proelio
906 859 989 883 sese
1017 846 1281 895 expediebant.
1353 843 1482 892 Scipio

192 902 420 952 jaculatores
448 911 486 938 et
513 901 641 937 Gallos
669 900 814 948 equites
834 900 871 935 in
893 899 1012 935 sronte
1033 899 1156 942 locat;
1196 898 1405 940 Romanos,
1426 908 1484 931 so-

197 954 416 1002 ciorumque
444 953 542 1001 quod
571 952 712 989 roboris
733 952 814 994 suit,
839 952 876 987 in
898 951 1086 987 subsidiis.
1144 950 1338 986 Hannibal
1361 949 1483 985 frena-

155 1017 185 1041 15
197 1013 253 1043 tos
272 1006 417 1054 equites
437 1005 475 1041 in
496 1005 664 1040 medium
684 1003 835 1052 accipit,
856 1015 1000 1040 cornua
1019 1002 1198 1039 Numidis
1217 1002 1350 1038 firmat.
1390 1000 1484 1037 Vix-

196 1058 286 1095 dum
306 1058 469 1095 clamore
490 1056 647 1101 sublato,
666 1055 892 1105 jaculatores
923 1055 1100 1103 fugerunt
1123 1054 1219 1091 inter
1239 1053 1407 1090 subsidia
1435 1051 1482 1088 ad

196 1111 403 1147 secundam
423 1109 568 1146 aciem:
616 1109 704 1145 inde
725 1108 892 1156 equitum
925 1114 1118 1144 certamen
1145 1113 1224 1143 erat
1252 1105 1482 1155 aliquamdiu

197 1175 338 1211 anceps
355 1175 363 1198 :
393 1162 496 1208 dein,
516 1161 604 1210 quia
622 1161 825 1198 turbabant
844 1173 960 1208 equos
979 1160 1126 1208 pedites
1145 1159 1364 1205 intermixti,
1386 1159 1483 1195 mul-

198 1215 245 1252 tis
260 1215 474 1252 labentibus
493 1227 540 1250 ex
559 1214 676 1262 equis,
697 1220 760 1250 aut
780 1213 1054 1259 desilientibus,
1075 1211 1139 1248 ubi
1165 1224 1253 1247 suos
1273 1211 1391 1259 premi
1412 1211 1484 1248 cir-

152 1274 419 1304 ssocumventos
451 1266 642 1311 vidissent,
677 1266 754 1315 jam
788 1266 927 1314 magna
956 1277 1002 1301 ex
1029 1271 1134 1313 parte
1154 1264 1201 1300 ad
1220 1263 1337 1312 pedes
1356 1275 1484 1312 pugna

197 1319 318 1363 ierat3
358 1319 481 1355 donec
506 1318 700 1361 Numidae,
729 1317 791 1366 qui
810 1317 846 1353 in
877 1317 1056 1354 cornibus
1085 1322 1203 1361 erant,
1234 1316 1481 1353 circumvecti

197 1371 406 1421 paululum,
428 1371 475 1407 ab
502 1377 609 1420 tergo
637 1383 677 1406 se
697 1370 954 1406 ostenderunt.
1012 1369 1049 1405 Is
1065 1381 1178 1418 pavor
1206 1368 1367 1417 perculit
1402 1368 1483 1405 Ro-

197 1437 343 1470 manos,
364 1424 541 1472 auxitque
561 1435 736 1471 pavorem
756 1422 922 1459 consulis
946 1421 1094 1465 vulnus,
1115 1421 1400 1470 periculumque
1428 1420 1484 1457 in-

196 1482 369 1513 tercursu
402 1483 481 1512 tum
515 1474 675 1523 primum
713 1474 956 1523 pubescentis
985 1473 1051 1510 filii
1080 1473 1349 1521 propulsatum.
1406 1472 1485 1509 Hic

152 1536 185 1562 25
197 1527 268 1565 erit
283 1528 446 1577 juvenis,
466 1540 583 1577 penes
602 1539 713 1575 quem
734 1526 891 1574 perfecti
912 1526 1070 1575 hujusce
1086 1525 1174 1561 belli
1194 1525 1276 1561 laus
1294 1531 1364 1571 est,
1384 1524 1486 1561 Afri-

197 1593 317 1617 canus
333 1580 382 1617 ob
401 1579 593 1629 egregiam
614 1579 807 1615 victoriam
827 1579 874 1614 de
895 1577 1113 1614 Hannibale
1139 1576 1342 1625 Poenisque
1362 1576 1486 1626 appel-

197 1632 305 1668 latus.
362 1631 471 1680 Fuga
498 1639 626 1668 tamen
655 1631 775 1667 effusa
798 1630 1049 1680 jaculatorum
1079 1629 1245 1666 maxime
1276 1629 1358 1672 fuit,
1393 1641 1486 1678 quos

197 1684 338 1732 primos
357 1682 536 1720 Numidae
558 1683 787 1719 invaserunt.
846 1683 955 1719 Alius
975 1682 1167 1718 consertus
1186 1682 1376 1729 equitatus
1395 1694 1486 1718 con·

198 1736 318 1772 sulem
339 1735 376 1772 in
398 1735 564 1771 medium
586 1742 798 1783 acceptum,
816 1748 891 1771 non
909 1734 1021 1770 armis
1042 1733 1165 1780 modo,
1186 1733 1251 1769 sed
1271 1733 1384 1769 etiam
1405 1746 1486 1769 cor-

154 1788 352 1837 soporibus
379 1788 470 1834 suis,
499 1793 715 1835 protegens,
750 1786 788 1822 in
815 1794 949 1832 castra,
979 1798 1163 1834 nusquam
1184 1785 1330 1834 trepide
1361 1797 1485 1833 neque

199 1840 319 1877 effuse
340 1840 526 1882 cedendo,
547 1839 706 1875 reduxit.
764 1839 908 1875 Servati
929 1838 1095 1875 consulis
1124 1838 1242 1874 decus
1261 1837 1406 1873 Coelius
1438 1837 1485 1873 ad

198 1905 347 1929 servum
379 1891 531 1928 natione
561 1891 741 1939 Ligurem
771 1891 942 1939 delegat:
981 1890 1108 1926 malim
1137 1889 1312 1938 equidem
1343 1889 1390 1925 de
1409 1888 1486 1926 filio

198 1957 327 1981 verum
346 1956 442 1991 esse.
461 1943 560 1992 quod
580 1950 617 1979 et
645 1942 771 1992 plures
804 1943 992 1979 tradidere
1021 1949 1208 1990 auctores,
1240 1949 1279 1979 et
1303 1941 1404 1978 fama
1421 1942 1486 1979 ob-

198 1996 321 2034 tinuit.
