1617 2765
141 192 219 230 228
667 191 757 222 T1T1
782 191 893 222 LIVII

144 298 225 322 sum
246 298 381 335 agmen
402 293 598 336 carperent
618 287 664 323 ab
683 287 784 323 omni
806 293 908 335 parte
938 286 1260 333 incursarentque‚
1279 285 1421 334 etjam,

143 338 281 374 omisso
301 338 444 385 itinere,
474 340 571 387 quod
594 340 692 387 fugae
721 339 842 375 simile
864 346 954 385 erat,
984 346 1106 374 castra
1125 338 1256 373 metari
1284 337 1423 374 Poenus

145 390 182 426 in
205 390 349 427 tumulo
369 404 479 439 super
501 391 666 427 fluminis
699 392 816 448 ripam
852 391 986 434 vellet3
1031 390 1181 426 advenit
1211 389 1340 425 Livius
1359 402 1422 438 pe-

145 442 263 478 ditum
292 443 468 479 omnibus
488 443 618 491 copiis,
639 456 713 479 non
744 442 888 479 itineris
907 443 1031 488 modo,
1061 442 1125 478 sed
1156 442 1200 477 ad
1222 453 1423 478 conseren-

143 494 233 529 dum
275 495 461 552 extemplo
503 495 672 542 proelium
716 494 908 531 instructis
946 494 1182 542 armatisque.
1254 494 1329 530 Sed
1359 492 1422 529 ubi
1453 500 1467 525 5

141 558 274 582 omnes
294 547 420 594 copias
449 547 739 594 conjunxerunt,
772 547 988 604 directaque
1022 546 1124 582 acies
1142 553 1210 591 est,
1241 545 1424 581 Claudi-us

142 598 299 634 dextro
292 611 328 634 in
349 611 480 641 cornu,
502 598 630 634 Livius
650 599 696 634 ab
717 599 865 634 sinistro
899 611 1061 647 pugnam
1084 598 1258 634 instruit:
1299 597 1425 633 media

143 650 245 686 acies
277 650 423 698 praetori
457 651 598 686 tuenda
624 651 742 687 datur.
802 650 1028 693 Hasdrubal,
1048 650 1183 686 omisss'i
1213 649 1424 686 munitione

142 709 363 745 castrorum,
385 709 578 750 postquam
608 703 855 750 pugnandum
887 702 988 747 vidit,
1020 702 1057 738 in
1087 702 1206 750 prima
1226 702 1308 738 acie
1337 708 1423 737 ante

144 754 253 802 signa
273 755 490 802 elephantos
510 754 691 790 collocat:
731 754 834 790 circa
853 766 916 790 eos
936 754 1028 790 laevo
1048 754 1084 789 in
1105 765 1223 790 cornu
1244 754 1424 789 adversus
1440 760 1468 784 10

143 805 345 841 Claudium
366 806 493 842 Gallos
511 806 675 854 opponit,
707 806 806 842 haud
837 804 980 841 tantum
1001 806 1055 841 eis
1075 805 1209 851 fidens,
1237 805 1423 853 quantum

142 857 189 893 ab
210 858 314 893 hoste
331 858 453 894 timeri
474 871 536 894 eos
562 858 752 894 credebat.
809 858 895 906 Ipse
916 858 1087 894 dextrum
1109 870 1226 893 cornu
1247 857 1424 893 adversus

143 908 197 946 Μ.
218 909 366 946 Livium
387 910 456 946 sibi
478 918 586 958 atque
609 910 789 959 Hispanis
823 912 879 959 (et
900 910 949 946 ibi
970 909 1132 946 maxime
1153 910 1191 946 in
1213 916 1336 946 vetere
1355 909 1424 945 mi-

141 962 205 998 lite
226 975 330 1010 spem
352 962 530 1013 habebat)
552 964 719 1011 sumpsit.
762 963 923 1011 Ligures
943 962 980 998 in
1003 962 1127 999 medio
1146 969 1228 1012 post
1247 962 1424 1010 elephan-

141 1020 198 1050 tos
217 1014 325 1062 positi
345 1027 352 1050 ε
383 1015 447 1050 sed
468 1015 625 1063 longior,
655 1014 766 1062 quam
788 1015 908 1058 latior,
926 1014 1027 1050 acies
1046 1022 1136 1050 erat.
1193 1014 1321 1050 Gallos
1342 1026 1423 1062 pro-
1438 1021 1468 1045 15

141 1066 291 1103 minens
311 1066 417 1102 collis
445 1067 607 1115 tegebat.
665 1067 722 1103 Ea
751 1067 862 1112 frons,
892 1079 1002 1115 quam
1036 1066 1196 1114 Hispani
1230 1066 1421 1111 tenebant,

142 1131 228 1155 curn
260 1118 409 1154 sinistro
442 1118 701 1155 Romanorum
733 1132 851 1155 cornu
880 1119 1096 1155 concurrit:
1143 1119 1274 1154 dextra
1300 1118 1423 1154 omnis

141 1171 243 1206 acies
263 1177 367 1205 extra
386 1170 556 1218 proelium
585 1171 756 1206 eminens
775 1171 969 1206 cessabat:
1016 1170 1123 1206 collis
1151 1170 1341 1218 oppositus
1369 1182 1424 1205 ar·

141 1222 264 1268 cebat,
285 1234 332 1257 ne
352 1229 415 1258 aut
435 1234 455 1257 a
476 1222 608 1265 fronte,
639 1229 703 1258 aut
735 1222 782 1258 ab
813 1222 927 1258 latere
957 1222 1262 1270 aggrederentur.
1319 1221 1423 1258 Inter

142 1273 291 1310 Livium
313 1274 666 1322 Hasdrubalemque
696 1274 831 1323 ingens
851 1282 1087 1311 contractum
1108 1281 1300 1310 certamen
1329 1281 1420 1317 erat,
1435 1279 1469 1304 ‘20

142 1333 318 1374 atroxque
353 1327 477 1362 caedes
505 1327 691 1374 utrimque
719 1327 913 1363 edebatur.
987 1326 1045 1362 Ibi
1074 1326 1192 1362 duces
1220 1326 1341 1371 ambo,
1372 1325 1423 1362 ibi

141 1391 227 1428 pars
248 1378 363 1426 major
383 1378 551 1427 peditum
571 1379 813 1427 equitumque
844 1379 1103 1415 Romanorum
1122 1391 1132 1422 ς
1176 1378 1227 1414 ibi
1249 1378 1422 1426 Hispani,

142 1438 248 1467 vetus
268 1431 375 1467 miles
395 1431 608 1480 peritusque
630 1432 815 1468 Romanae
849 1444 999 1480 pugnae,
1028 1438 1065 1467 et
1093 1430 1266 1479 Ligures,
1288 1431 1422 1467 durum

142 1483 181 1520 in
212 1483 324 1519 armis
352 1496 496 1531 genus:
542 1483 673 1519 eodem
696 1483 789 1519 versi
810 1483 1013 1541 elephanti,
1042 1483 1104 1531 qui
1133 1483 1253 1531 primo
1281 1483 1422 1531 impetu

142 1535 383 1571 turbaverant
403 1536 682 1584 antesignanOS‚
711 1543 748 1571 et
772 1536 849 1584 jam
878 1535 987 1584 signa
1005 1542 1197 1571 moverant
1216 1535 1322 1571 loco.
1360 1535 1468 1570 de-25

143 1587 244 1633 inde,
266 1595 460 1623 crescente
481 1588 686 1624 certamine
707 1594 742 1624 et
763 1587 940 1630 clamore,
967 1586 1207 1635 impotentius
1223 1587 1300 1636 jam
1329 1586 1422 1635 regi,

142 1646 180 1676 et
208 1618 305 1676 iriter
334 1639 426 1675 duas
456 1640 557 1676 acies
585 1640 736 1685 versari,
777 1640 876 1675 vel-ut
915 1639 1050 1675 incerti
1079 1651 1236 1687 quorum
1265 1645 1422 1682 essent3

143 1692 243 1728 haud
264 1691 494 1728 dissimiliter
514 1691 671 1728 navibus
690 1692 771 1727 sine
791 1691 1048 1740 gubernaculo
1067 1691 1182 1740 vagis.
1227 1690 1421 1736 Claudius,

145 1743 288 1783 “Quid
319 1756 408 1792 ergo
442 1743 623 1792 praecipiti
654 1756 767 1780 cursu
800 1751 875 1780 tarn
906 1744 1060 1792 longum
1090 1743 1159 1780 iter
1187 1743 1330 1779 emensi
1364 1755 1423 1778 su-

145 1796 332 1832 “mus'.'’'
378 1796 576 1832 clamitans
613 1796 805 1839 militibus,
843 1809 958 1844 quum
994 1796 1032 1832 in
1061 1796 1256 1832 adversum
1287 1795 1468 1832 collemao

144 1848 277 1885 frustra
314 1848 422 1896 signa
458 1848 603 1897 erigere
639 1857 797 1884 conatus
833 1856 945 1894 esset,
974 1856 1167 1896 postquam
1196 1850 1240 1884 ea
1269 1847 1422 1895 regione

142 1900 331 1949 penetrari
369 1900 415 1935 ad
448 1900 591 1936 hostem
620 1913 694 1936 non
725 1901 875 1936 videbat
903 1913 1037 1948 posse3
1084 1900 1257 1936 cohortes
1285 1899 1423 1947 aliquot

143 1952 349 1988 subductas
377 1963 398 1987 e
427 1951 557 1987 dextro
586 1964 716 1993 cornu,
756 1952 818 1987 ubi
860 1952 1059 1988 stationem
1098 1952 1218 1999 magis
1250 1963 1420 1999 segnem,

142 2003 254 2053 quam
275 2016 453 2052 pugnam,
475 2003 636 2039 suturam
657 2003 849 2050 cernebat,
878 2010 959 2051 post
988 2004 1108 2039 aciem
1139 2003 1391 2040 circumducit
1412 2015 1420 2038 ε

142 2064 192 2103 et,
222 2069 296 2093 non
319 2055 484 2092 hostibus
504 2053 625 2098 modo,
647 2055 712 2091 sed
738 2055 849 2091 etiam
881 2055 958 2091 suis
987 2055 1281 2104 inopinantibus,
1309 2056 1347 2091 in
1376 2055 1468 2091 si-85

143 2109 303 2145 nistrum
325 2107 485 2144 hostiurn
505 2107 602 2143 latus
632 2107 813 2143 incurrit:
857 2114 1032 2155 tantaque
1066 2108 1238 2144 celeritas
1259 2108 1338 2153 fuit,
1370 2114 1421 2153 ut,

143 2173 257 2208 quum
277 2159 530 2197 ostendissent
548 2172 587 2195 se
608 2160 654 2195 ab
674 2159 801 2206 latere,
823 2172 906 2195 mox
927 2160 963 2195 in
985 2169 1088 2209 terga
1104 2160 1180 2209 jam
1197 2167 1421 2209 pugnarent.

145 2212 212 2249 Ita
232 2225 278 2248 ex
298 2212 475 2247 omnibus
496 2212 672 2260 partibus,
695 2212 740 2247 ab
761 2211 893 2257 fronte,
907 2212 953 2247 ab
974 2212 1099 2257 latere,
1121 2213 1168 2248 ab
1186 2220 1291 2261 tergo
1311 2212 1423 2249 truci-

145 2264 280 2301 dantur
302 2264 462 2311 Hispani
483 2264 739 2312 Liguresque3
782 2271 819 2300 et
839 2264 883 2299 ad
904 2264 1032 2301 Gallos
1057 2264 1133 2313 jam
1154 2265 1278 2301 caedes
1297 2277 1423 2313 perve-

145 2324 263 2353 nerat.
321 2316 378 2352 Ibi
400 2316 597 2352 minimum
627 2316 843 2352 certaminis
864 2316 956 2352 fuit:
999 2330 1085 2353 nam
1119 2324 1156 2354 et
1181 2330 1265 2366 pars
1284 2321 1466 2366 magna⁴⁰

147 2369 194 2405 ab
214 2368 331 2418 signis
351 2367 518 2413 aberant,
539 2376 648 2404 nocte
668 2368 811 2416 dilapsi,
847 2369 1023 2417 stratique
1049 2382 1180 2406 somno
1199 2369 1335 2418 passim
1357 2382 1420 2418 per

148 2433 282 2470 agr083
312 2427 361 2462 et,
382 2419 443 2467 qui
461 2420 626 2465 aderant,
648 2420 780 2456 itinere
801 2433 845 2456 ac
866 2421 1000 2469 vigiliis
1022 2421 1120 2464 fessi,
1139 2422 1421 2461 intolerantissi-

148 2485 209 2510 ma
236 2472 373 2509 laboris
401 2484 566 2521 corpora,
600 2472 660 2508 vix
692 2484 794 2508 arma
814 2473 978 2511 humeris
1006 2474 1212 2524 gestabant.
1271 2474 1319 2513 Et
1345 2475 1420 2525 jam
