1617 2765
132 183 211 221 248
409 182 500 214 TITI
525 182 636 214 LIVII
660 182 798 214 LIBER
819 182 930 214 XXX.
966 190 1047 215 CAP.
1062 193 1165 215 xmu-

134 277 260 314 cessit.
316 277 419 315 Tum
440 277 594 314 Manius
616 277 763 315 Acilius
782 285 818 315 et
837 277 889 317 Q.
913 277 1109 315 Minucius
1137 277 1277 315 tribuni
1299 278 1418 326 plebis

134 329 181 365 ad
201 330 379 379 populum
399 330 579 373 tulerunt,
609 332 632 352 “
647 330 812 376 Vellent,
828 331 1055 379 juberentne
1085 337 1257 367 senatum
1288 331 1416 367 decer-

134 383 159 404 “
172 395 275 429 nere,
296 390 336 419 ut
355 395 444 419 cum
478 382 858 431 Carthaginiensibus
886 395 958 431 pax
977 383 1107 420 fieret:
1147 390 1185 419 et
1203 395 1313 431 quem
1334 395 1418 420 eam

134 435 305 484 “pacem
325 435 426 480 dare,
447 447 633 482 quemque
652 447 700 471 ex
721 434 852 470 Africa
872 435 1061 471 exercitus
1090 435 1285 484 deportare
1312 434 1420 484 jube·

134 488 158 510 “
171 487 295 524 rent.”
351 487 410 523 De
430 498 524 535 pace
544 488 566 508 ‘⁴
585 485 638 522 uti
658 487 891 535 rogassent‚’'
912 499 1044 523 omnes
1063 487 1183 524 tribus
1198 487 1392 536 jusserunt
1409 501 1418 523 ι
1447 496 1465 521 5

134 552 267 588 pacem
303 540 393 576 dare
430 539 470 575 P.
506 538 739 586 Scipionem,
777 539 954 575 eumdem
992 540 1182 576 exercitus
1210 539 1419 587 deportare.

134 591 196 629 Ex
216 592 287 628 hac
307 591 499 640 rogatione
529 598 684 627 senatus
709 591 889 634 decrevit,
923 598 964 627 ut
983 591 1024 628 P.
1046 592 1175 640 Scipio
1206 604 1253 627 ex
1286 591 1420 628 decem

134 644 342 693 legatorum
363 643 553 679 sententia
581 654 715 691 pacem
735 654 822 678 cum
843 643 980 691 populo
1000 643 1321 693 Carthaginiensi,
1342 644 1422 692 qui-

135 696 205 733 bus
224 696 372 745 legibus
405 695 440 731 ei
466 695 668 737 videretur,
699 694 851 731 faceret.
906 695 1056 732 Gratias
1088 696 1226 732 deinde
1248 695 1421 733 Patribus

134 747 248 797 egere
268 746 624 796 Carthaginienses3
663 747 939 796 petieruntque,
973 754 1014 784 ut
1037 747 1108 784 sibi
1128 748 1167 784 in
1197 747 1338 784 Urbem
1367 748 1422 784 in·
1437 755 1466 781 ιο

134 801 260 846 troire‚
281 807 319 836 et
338 799 499 847 colloqui
520 812 608 836 cum
628 799 775 836 civibus
794 799 872 835 suis
890 799 1035 843 liceret,
1064 799 1127 848 qui
1148 800 1248 848 capti
1271 800 1310 836 in
1329 800 1423 848 pub-

134 852 210 889 lica
229 852 402 889 custodia
422 859 574 889 essent:
613 864 696 888 esse
716 851 755 888 in
785 851 831 888 iis
858 851 994 900 partim
1013 851 1241 901 propinquos
1265 853 1423 889 amicos-

134 917 208 954 que
227 918 326 948 suos,
349 904 493 941 nobiles
513 904 708 948 homines3
750 904 885 953 partim
906 904 953 940 ad
983 917 1076 953 quos
1104 904 1282 941 mandata
1301 917 1323 940 a
1341 917 1424 953 pro-

135 957 286 1006 pinquis
314 957 509 994 haberent.
583 956 738 996 Quibus
774 957 984 999 conventis,
1021 969 1137 1005 quum
1167 969 1295 993 rursus
1322 964 1424 1005 pete-

135 1017 232 1053 rent,
253 1018 294 1047 ut
313 1010 397 1052 sibi,
419 1022 511 1057 quos
543 1009 694 1055 vellent,
725 1021 772 1045 ex
801 1009 846 1045 iis
866 1009 1078 1045 redimendi
1097 1016 1261 1058 potestas
1290 1008 1396 1046 fieret
1411 1022 1421 1054 3
1438 1016 1468 1042 15

132 1062 227 1111 jussi
247 1062 401 1099 nomina
420 1062 555 1098 edere:
585 1069 635 1108 et,
652 1073 766 1110 quum
787 1061 972 1098 ducentos
992 1061 1108 1098 ferme
1128 1062 1300 1104 ederent,
1317 1074 1424 1098 sena-

136 1115 425 1151 tus-consultum
446 1113 587 1150 sactum
607 1121 676 1160 est,
705 1113 797 1150 “Ut
828 1113 942 1162 legati
976 1114 1144 1150 Romani
1173 1113 1358 1150 ducentos
1376 1126 1424 1151 ex

136 1168 160 1189 “
175 1167 346 1215 captivis,
376 1179 468 1214 quos
501 1166 838 1214 Carthaginienses
870 1165 1020 1208 vellent,
1052 1166 1099 1201 ad
1129 1165 1171 1202 P.
1202 1165 1423 1202 Cornelium

136 1220 160 1241 “
175 1219 393 1268 Scipionem
414 1219 452 1254 in
469 1218 640 1254 Africam
657 1218 922 1267 deportarent3
943 1217 1236 1266 nuntiarentque
1256 1217 1305 1260 ei,
1326 1224 1379 1265 ut,
1393 1218 1424 1255 si

136 1273 244 1321 “pax
257 1271 510 1318 convenisset,
519 1270 600 1307 sine
611 1270 730 1319 pretio
741 1283 806 1307 eos
818 1270 1198 1319 Carthaginiensibus
1211 1270 1423 1307 redderet.''
1437 1276 1469 1302 20

137 1324 311 1361 Feciales
330 1336 445 1373 quum
466 1323 504 1360 in
526 1323 697 1360 Africam
728 1323 775 1359 ad
805 1323 928 1359 foedus
948 1322 1158 1359 feriendum
1180 1323 1233 1359 ire
1249 1322 1427 1371 juberen-

136 1385 222 1421 tur3
266 1377 356 1426 ipsis
388 1375 678 1426 postulantibus,
716 1375 1100 1412 senatus-consultum
1131 1375 1169 1412 in
1200 1375 1284 1411 haec
1312 1375 1426 1412 verba.

138 1429 280 1466 factum
301 1438 379 1466 est:
419 1428 507 1465 “Ut
524 1428 647 1477 privos
680 1428 825 1476 lapides
850 1428 988 1470 silices,
1023 1428 1220 1476 privasque
1240 1427 1426 1465 verbenas

137 1484 161 1505 ‘⁴
174 1495 304 1519 secum
326 1482 466 1518 ferrent
486 1494 494 1517 ε
541 1480 595 1517 uti
614 1488 749 1529 praetor
770 1481 969 1517 Romanus
989 1480 1048 1516 his
1068 1480 1280 1528 imperaret,
1301 1487 1341 1516 ut
1362 1480 1426 1516 foe-

136 1535 246 1571 “dus
275 1535 442 1577 ferirent,
477 1533 530 1570 iili
559 1540 754 1582 praetorem
788 1533 961 1581 sagmina
990 1532 1226 1581 poscerent.’'
1284 1532 1469 1568 Herbae25

137 1588 176 1625 id
195 1600 316 1637 genus
335 1599 383 1623 ex
402 1599 488 1623 arce
508 1593 697 1634 sumptum
719 1585 799 1621 dari
819 1585 1019 1621 fecialibus
1038 1585 1144 1621 solet.
1200 1584 1259 1621 Ita
1280 1584 1424 1621 dimissi

137 1640 185 1677 ab
204 1640 329 1677 Roma
358 1638 706 1688 Carthaginienses,
733 1650 848 1686 quum
883 1637 920 1673 in
954 1637 1126 1673 Africam
1156 1637 1350 1673 venissent
1378 1637 1425 1673 ad

138 1692 371 1741 Scipionem,
393 1691 528 1740 quibus
548 1690 633 1727 ante
654 1691 799 1727 dictum
819 1696 876 1726 est
904 1689 1064 1738 legibus,
1084 1702 1219 1738 pacem
1242 1689 1424 1726 fecerunt.

137 1745 267 1782 Naves
301 1745 446 1793 longaS,
483 1743 718 1792 elephantos,
747 1742 935 1792 perfugas,
966 1742 1154 1791 fugitivos,
1191 1741 1425 1790 captivorum

137 1805 295 1846 quatuor
315 1797 432 1833 millia
451 1796 714 1840 tradiderunt3
758 1795 855 1831 inter
873 1807 965 1843 quos
989 1794 1043 1834 Q.
1063 1794 1272 1832 Terentius
1291 1793 1471 1831 Culleoao

138 1857 287 1887 senator
317 1849 396 1886 fuit.
470 1848 599 1885 Naves
638 1855 831 1897 provectas
870 1847 908 1883 in
948 1847 1064 1884 altum
1103 1846 1258 1883 incendi
1283 1846 1395 1895 jussit
1415 1859 1424 1882 ε

137 1903 365 1951 quingentas
383 1899 499 1937 fuisse
518 1900 641 1938 omnis
660 1900 824 1949 generis,
853 1912 936 1948 quae
955 1900 1069 1935 remis
1101 1905 1316 1947 agerentur,
1345 1897 1426 1946 qui-

138 1955 225 1991 dam
245 1954 418 1991 tradunt:
458 1965 615 2001 quarum
636 1958 883 2000 conspectum
917 1950 1073 1999 repente
1105 1950 1327 1987 incendium
1348 1958 1425 1987 tam

139 2007 298 2057 lugubre
319 2007 432 2043 fuisse
453 2005 593 2047 Poenis,
613 2003 726 2052 quam
760 2003 789 2039 si
824 2011 902 2039 tum
924 2003 1005 2051 ipsa
1039 2003 1231 2052 Carthago
1265 2003 1424 2039 arderet.

139 2059 198 2096 De
214 2059 381 2108 perfugis
401 2058 562 2108 gravius,
583 2058 698 2105 quam
720 2056 766 2092 de
788 2055 966 2105 fugitivis,
987 2055 1202 2092 consultum
1221 2068 1231 2099 3
1261 2055 1470 2092 nominisae

140 2112 266 2149 Latini
298 2112 359 2165 qui
388 2118 507 2157 erant,
529 2110 652 2146 securi
681 2109 877 2158 percussi;
907 2108 1075 2145 Romani
1104 2108 1144 2145 in
1165 2120 1319 2145 crucem
1340 2107 1426 2145 sub-

133 2168 210 2206 lati.
