1617 2765
135 199 210 238 170
684 199 774 231 Tm
798 200 909 232 L1V11

133 306 196 331 sus
215 306 301 330 eum
322 294 450 331 vineas
470 307 581 343 agere
602 294 773 342 instituit,
808 308 873 343 per
905 308 997 343 quas
1017 295 1112 332 aries
1131 295 1320 332 moenibus
1347 295 1411 333 ad-

134 347 273 383 moveri
293 354 437 395 posset:
467 347 531 382 sed
554 354 593 383 ut
611 347 716 383 locus
744 348 873 395 procul
905 360 1011 384 muro
1031 348 1120 384 satis
1140 360 1267 395 aequus
1296 360 1411 397 agen-

134 399 191 434 dis
222 398 342 435 vineis
379 399 447 435 suit
464 411 472 443 3
519 399 570 434 ita
603 399 888 447 haudquaquam
920 399 1109 447 prospere,
1139 408 1333 448 postquam
1363 400 1410 437 ad

133 450 310 487 effectum
330 451 452 499 operis
471 457 623 486 ventum
643 458 711 493 est,
733 451 866 499 coeptis
885 451 1115 487 succedebat
1132 464 1139 488 :
1168 459 1206 487 et
1225 452 1336 488 turris
1357 452 1412 488 in-

133 514 226 550 gens
243 503 483 538 imminebat:
514 510 550 538 et
571 515 712 544 muruS‚
734 512 774 538 ut
795 504 832 538 in
852 509 1027 551 suspecto
1047 502 1142 548 loco,
1170 515 1280 551 supra
1300 512 1412 540 caete-
1440 508 1456 533 ⁵

133 566 182 590 rae
202 554 354 590 modum
375 554 582 590 altitudinis
615 555 805 590 emunitus
838 562 941 598 erat3
983 561 1018 590 et
1045 554 1222 603 juventus
1251 555 1410 599 delecta,

133 606 196 642 ubi
217 606 421 654 plurimum
442 605 599 654 periculi
620 618 664 641 ac
694 606 829 642 laboris
848 606 1126 650 ostendebatur,
1149 606 1199 642 ibi
1220 606 1252 642 vi
1273 607 1412 655 majore

131 658 375 694 obsistebant.
432 659 493 694 Ac
521 657 641 705 primo
675 657 879 694 missilibus
907 659 1127 694 submovere
1153 659 1310 705 hostem,
1340 672 1412 696 nec

131 710 332 757 quidquam
354 709 444 745 satis
462 716 583 745 tutum
617 709 876 745 munientibus
908 710 994 758 pati.
1052 710 1201 746 Deinde
1227 710 1305 758 jam
1336 724 1411 747 non

131 774 197 809 pro
218 761 406 797 moenibus
426 760 536 797 modo
556 768 666 808 atque
685 761 777 796 turri
798 761 872 797 tela
891 761 1045 807 micare,
1065 762 1131 797 sed
1151 762 1197 797 ad
1213 774 1412 811 erumpen-
1428 765 1457 790 10

131 813 220 849 dum
241 813 353 849 etiam
375 813 412 849 in
434 812 613 849 stationes
631 825 817 860 operaque
834 813 997 849 hostium
1023 813 1171 849 animus
1190 821 1294 858 erat;
1333 814 1413 861 qui-

132 864 202 900 bus
221 864 474 901 tumultuariis
493 864 763 900 certaminibus
788 865 889 901 haud
920 864 1036 900 ferme
1066 865 1191 913 plures
1211 865 1412 914 Saguntini

131 917 332 963 cadebant,
351 917 463 964 quam
484 916 602 953 Poeni.
659 916 709 953 Ut
728 916 813 953 verc‘)
830 916 1022 953 Hannibal
1042 916 1134 965 ipse,
1154 917 1244 952 dum
1264 930 1413 954 murum

132 968 325 1005 incautius
345 969 457 1012 subit,
479 969 676 1005 adversum
697 968 817 1005 femur
836 969 982 1017 tragula
1013 969 1174 1015 graviter
1195 969 1292 1005 ictus
1311 970 1412 1006 ceci-

131 1020 211 1066 dit3
257 1028 362 1057 tanta
391 1021 493 1057 circa
522 1020 611 1069 fuga
638 1033 683 1056 ac
713 1020 910 1069 trepidatio
947 1020 1028 1063 fuit,
1065 1028 1106 1057 ut
1142 1033 1218 1057 non
1247 1021 1457 1058 multflm1⁵

131 1073 291 1120 abesset,
311 1073 401 1121 quin
421 1085 534 1121 opera
553 1085 598 1109 ac
617 1073 736 1109 vineae
757 1073 1029 1109 desererentur.

184 1176 297 1213 VIII.
327 1177 489 1214 Obsidio
508 1176 646 1213 deinde
665 1189 731 1225 per
751 1189 890 1225 paucos
906 1177 986 1212 dies
999 1176 1131 1225 magis,
1145 1176 1256 1225 quam
1273 1190 1413 1227 oppug-

132 1228 248 1275 natio,
269 1228 351 1274 fuit,
385 1229 475 1264 dum
508 1228 642 1264 vulnus
671 1229 779 1264 ducis
798 1235 1013 1265 curaretur:
1043 1241 1109 1277 per
1137 1229 1236 1277 quod
1264 1236 1412 1278 tempus

131 1288 172 1318 ut
190 1281 296 1329 quies
316 1280 565 1317 certaminum
585 1287 676 1323 erat,
697 1281 748 1316 ita
767 1280 814 1316 ab
841 1288 1019 1328 apparatu
1052 1293 1205 1329 operum
1227 1293 1271 1317 ac
1291 1282 1413 1318 muni-

131 1333 276 1370 tionum
297 1332 390 1369 nihil
420 1340 620 1369 cessatum.
677 1332 809 1380 Itaque
843 1332 967 1368 acrius
999 1333 1046 1368 de
1067 1333 1212 1381 integro
1239 1333 1457 1370 obortumm

132 1392 189 1422 est
208 1385 347 1421 bellurn
364 1398 372 1429 ;
401 1384 643 1433 pluribusque
662 1385 842 1433 partibus,
875 1384 936 1420 vix
969 1385 1243 1432 accipientibus
1262 1385 1412 1433 quibus-

131 1438 217 1474 dam
259 1450 373 1485 opera
412 1437 518 1479 locis,
556 1437 674 1472 vineae
714 1444 847 1485 coeptae
886 1436 960 1485 agi,
1001 1437 1264 1485 admoverique
1303 1437 1410 1474 aries.

133 1489 364 1526 Abundabat
384 1488 624 1525 multitudine
644 1489 839 1525 hominum
860 1488 1025 1524 Poenus·
1016 1516 1025 1532 ‚
1069 1489 1115 1524 ad
1136 1500 1290 1524 centum
1309 1489 1412 1525 enim

131 1541 404 1589 quinquaginta
427 1540 543 1576 millia
571 1540 746 1576 habuisse
775 1540 813 1576 in
843 1540 958 1576 armis
985 1540 1074 1576 satis
1102 1541 1278 1576 creditur
1334 1540 1413 1588 Op-

131 1593 259 1651 pidani
280 1594 327 1629 ad
346 1593 473 1629 omnia
492 1593 632 1628 tuenda
652 1600 761 1640 atque
780 1592 957 1629 obeunda
975 1591 1219 1628 multifariam
1239 1592 1410 1628 distineri
1424 1596 1458 1621 25

132 1645 246 1694 coepti
266 1652 374 1681 sunt:
404 1651 442 1681 et
460 1657 536 1680 non
556 1644 795 1680 sufficiebant
816 1643 907 1692 (jam
929 1644 1029 1680 enim
1063 1643 1291 1679 feriebantur
1321 1644 1414 1680 arie-

132 1698 250 1747 tibus)
282 1697 391 1740 muri,
412 1703 669 1744 quassataeque
698 1696 826 1732 multae
854 1703 978 1744 partes
1007 1702 1124 1731 erant.
1182 1695 1268 1732 Una
1295 1695 1414 1732 conti-

132 1749 310 1786 nentibus
346 1749 465 1785 ruinis
507 1749 714 1784 nudaverat
750 1748 911 1784 urbem:
957 1755 1032 1783 tres
1069 1747 1250 1795 deinceps
1278 1754 1411 1790 turres,

132 1810 389 1850 quantumque
419 1801 516 1837 inter
544 1813 608 1836 eas
636 1800 733 1836 muri
762 1807 853 1844 erat,
883 1812 970 1836 cum
1000 1799 1145 1847 fragore
1165 1799 1309 1847 ingenti
1331 1811 1413 1846 pro·

132 1854 303 1890 ciderant
321 1866 329 1889 z
368 1860 594 1901 captumque
612 1853 791 1900 oppidum
820 1852 866 1888 ea
884 1851 994 1887 ruina
1014 1851 1251 1887 crediderant
1281 1850 1411 1894 Poeni3

132 1907 217 1953 qua,
237 1905 338 1940 velut
357 1905 387 1940 si
416 1905 553 1952 pariter
582 1911 756 1951 utrosque
790 1916 918 1938 murus
946 1903 1112 1944 texisset,
1146 1902 1196 1937 ita
1226 1902 1412 1949 utrimque
1425 1909 1458 1934 30

132 1958 170 1994 in
191 1969 357 2005 pugnam
377 1967 596 2004 procursum
617 1962 684 1990 est.
741 1954 846 1990 Nihil
868 1954 1119 1990 tumultuariae
1134 1966 1271 2010 pugnae
1292 1954 1412 1989 simile

133 2016 225 2055 erat,
245 2008 401 2057 quales
393 2020 430 2043 in
451 2006 794 2055 oppugnationibus
813 2006 961 2041 urbium
988 2018 1053 2053 per
1071 2006 1311 2041 occasionem
1331 2018 1414 2053 par-

133 2062 180 2098 tis
209 2060 362 2097 alterius
390 2060 537 2096 conseri
577 2058 722 2094 solent:
751 2058 817 2094 sed
860 2057 969 2106 justae
999 2057 1113 2099 acies,
1144 2057 1243 2092 velut
1271 2057 1412 2106 patenti

133 2126 280 2161 campo,
301 2113 397 2149 inter
416 2111 543 2148 ruinas
562 2111 658 2146 muri
679 2117 851 2157 tectaque
873 2109 973 2145 urbis
993 2109 1142 2145 modico
1162 2109 1366 2145 distantia
1359 2121 1413 2144 111-

133 2165 288 2202 tervallo
317 2164 575 2200 constiterant.
633 2163 737 2199 Hinc
757 2173 854 2210 spes,
889 2161 978 2197 hinc
1012 2161 1234 2208 desperatio,
1265 2161 1459 2197 animosaa

133 2217 276 2260 irritat3
308 2216 424 2252 Poeno
444 2215 589 2263 cepisse
605 2215 682 2264 jam
701 2227 741 2250 se
761 2213 903 2256 urbem,
934 2214 963 2249 si
994 2212 1189 2260 paululum
1211 2213 1413 2258 annitatur,

134 2269 336 2311 credente3
377 2267 598 2316 Saguntinis
631 2279 696 2315 pro
728 2265 868 2302 nudata
902 2265 1089 2301 moenibus
1111 2265 1230 2312 patria
1258 2276 1414 2312 corpora

133 2320 420 2370 opponentibuS,
442 2332 514 2356 nec
534 2319 610 2355 ullo
629 2319 762 2367 pedem
784 2317 981 2359 referente,
1000 2330 1047 2353 ne
1069 2317 1106 2353 in
1128 2317 1300 2353 relictum
1330 2329 1351 2352 a
1370 2328 1410 2352 se

134 2372 259 2410 locum
297 2372 440 2408 hostem
469 2371 698 2407 immitteret.
754 2370 899 2417 Itaque,
919 2369 993 2417 quo
1027 2369 1156 2405 acrius
1183 2376 1221 2405 et
1249 2367 1411 2405 conferti

135 2424 255 2474 magis
275 2424 460 2471 utrimque
480 2423 712 2472 pugnabant,
741 2421 786 2458 εό
805 2422 929 2470 plures
949 2421 1266 2457 vulnerabantur·
1257 2448 1267 2463 ‚
1309 2419 1412 2456 nullo
1425 2426 1457 2451 40

138 2476 232 2514 inter
270 2488 373 2514 arma
411 2487 639 2524 corporaque
681 2487 776 2511 vano
804 2474 1052 2510 intercidente
1080 2473 1193 2509 telo.·
1239 2471 1413 2509 Falarica
