1617 2765
195 159 247 196 42
713 157 802 187 Tm
828 158 937 188 Livii

197 260 276 289 tum
297 251 423 288 caeteri
443 259 679 288 servaverant
707 253 832 302 reges)
870 252 1001 288 viritim
1035 252 1253 302 suffragium
1282 254 1415 290 eadem
1435 254 1469 291 vi

197 303 432 352 eodemque
421 316 504 352 Jure
529 304 739 351 promiscue
769 304 943 340 omnibus
971 305 1098 340 datum
1126 310 1201 341 est:
1247 306 1312 342 sed
1332 307 1470 354 gradus

198 356 299 399 sacti,
321 363 361 392 ut
379 368 501 403 neque
521 355 697 391 exclusus
716 356 909 413 quisquam
942 356 1119 404 suffragio
1139 357 1324 394 videretur
1357 365 1395 394 et
1415 358 1470 394 vis

195 408 318 444 omnis
336 420 455 465 penes
478 407 659 455 primores
678 407 840 443 civitatis
868 415 977 444 esset.
1051 408 1204 456 Equites
1233 410 1333 445 enim
1363 422 1471 446 voca-

197 458 331 498 bantur
350 459 482 508 primi3
510 459 700 507 octoginta
721 459 807 495 inde
827 459 955 507 primae
975 460 1104 496 classis
1124 462 1325 497 centuriae:
1369 461 1417 498 ibi
1439 461 1469 498 si
1498 472 1515 496 5

197 512 366 556 variaret,
388 511 486 559 quod
506 511 587 547 raro
608 511 812 555 incidebat,
834 519 874 548 ut
892 512 1069 548 secundae
1085 512 1214 549 classis
1229 521 1468 550 vocarentur:

196 576 268 600 nec
289 563 364 599 sere
385 575 549 610 unquam
567 562 662 599 infra
695 563 745 599 ita
775 564 1060 608 descenderent,
1091 571 1131 601 ut
1157 565 1203 601 ad
1225 565 1371 601 infimos
1390 578 1471 613 per-

196 616 378 652 venirent.
436 615 521 651 Nec
541 615 664 651 mirari
685 622 840 664 oportet,
863 616 963 652 hunc
983 616 1166 663 ordinem,
1186 617 1248 664 qui
1269 630 1371 653 nunc
1400 624 1468 661 est,

196 677 279 716 post
307 667 473 715 expletas
502 667 665 715 quinque
694 677 732 704 et
759 668 913 716 triginta
942 647 1304 717 tribus‚d1iplicato
1341 682 1468 705 earum

196 732 366 762 numero,
388 719 570 755 centuriis
585 719 775 767 juniorum
809 719 1087 767 seniorumque,
1116 720 1162 756 ad
1195 720 1402 757 institutam
1424 721 1470 757 ab
1486 731 1514 755 10

197 772 328 808 Servio
347 771 476 807 Tullio
495 783 680 806 summam
701 784 775 807 non
804 771 1031 807 convenire:
1076 772 1339 818 quadrifariam
1368 773 1470 809 enim

195 824 287 859 urbe
316 823 432 859 divisa
460 822 678 870 regionibus
707 822 950 870 collibusque,
979 835 1060 870 quae
1086 823 1300 860 habitantur
1333 832 1469 873 partes,

195 875 341 912 Tribus
369 887 433 911 eas
462 874 682 922 appellavit3
729 881 770 911 ut
797 887 868 923 ego
897 874 1065 918 arbitror,
1095 875 1141 910 ab
1169 875 1336 920 tributo;
1383 889 1470 912 nam

194 928 276 976 ejus
295 939 442 976 quoque
463 926 653 974 aequaliter
682 939 729 963 ex
757 939 874 963 censu
895 926 1114 963 conserendi
1143 927 1189 963 ab
1217 928 1349 964 eodem
1378 928 1471 964 inita

194 979 287 1016 ratio
307 986 374 1016 est.
430 978 566 1026 Neque
587 979 643 1014 hae
663 979 781 1015 tribus
811 979 856 1014 ad
886 979 1139 1015 centuriarum
1169 979 1469 1016 distributionem
1485 990 1515 1015 15

196 1043 468 1079 numerumque
488 1030 690 1079 quidquam
711 1030 936 1080 pertinuere.

247 1136 393 1172 XLIV.
423 1135 551 1172 Censu
572 1135 751 1184 perfecto,
773 1148 883 1183 quem
911 1142 1160 1172 maturaverat
1180 1129 1280 1172 metu
1309 1136 1404 1185 legis
1423 1137 1469 1174 de

197 1188 363 1224 incensis
382 1187 465 1223 latae
498 1200 586 1223 cum
618 1187 854 1224 vinculorum
884 1188 996 1224 minis
1028 1188 1240 1236 mortisque,
1270 1189 1399 1232 edixit,
1429 1196 1470 1226 ut

192 1253 324 1277 omnes
352 1239 453 1276 cives
485 1239 664 1282 Romani,
695 1240 839 1287 equites
868 1240 1099 1288 peditesque,
1134 1240 1171 1275 in
1205 1240 1281 1276 suis
1313 1241 1469 1289 quisque

193 1292 385 1337 centuriis,
418 1291 456 1328 in
483 1291 628 1340 Campo
661 1291 800 1328 Martio
829 1292 949 1340 prima
978 1292 1063 1328 luce
1094 1292 1279 1328 adessent.
1337 1292 1394 1328 Ibi
1414 1293 1514 1334 in-20

193 1351 376 1381 structum
395 1343 605 1380 exercitum
625 1356 775 1380 omnem
796 1344 1108 1380 suovetaurilibus
1127 1344 1315 1380 lustravit:
1359 1344 1469 1392 idque

194 1396 379 1433 conditum
399 1396 550 1432 lustrum
571 1395 808 1444 appellatum,
842 1397 928 1444 quia
958 1395 988 1432 is
1020 1396 1213 1432 censendo
1245 1396 1330 1432 finis
1350 1396 1470 1433 sactus

193 1456 259 1485 est.
317 1447 439 1484 Millia
457 1448 649 1496 octoginta
667 1460 712 1484 eo
725 1448 839 1484 lustro
858 1448 996 1484 civium
1012 1460 1127 1484 censa
1145 1448 1334 1484 dicuntur.
1390 1448 1470 1484 Ad-

189 1501 273 1550 jicit
309 1500 531 1548 scriptorum
561 1500 855 1548 antiquissimus,
890 1499 1031 1536 Fabius
1059 1499 1197 1542 Pictor,
1235 1512 1377 1543 eorum,
1405 1501 1468 1548 qui

194 1553 289 1589 ferre
309 1565 412 1588 arma
431 1559 594 1600 possent,
623 1564 709 1588 eum
739 1564 935 1588 numerum
957 1551 1081 1587 fuisse.
1139 1551 1201 1587 Ad
1234 1564 1316 1587 eam
1346 1552 1514 1592 multi—25

193 1605 362 1641 tudinem
396 1604 483 1640 urbs
514 1616 661 1652 quoque
691 1603 956 1652 amplificanda
989 1604 1066 1639 visa
1094 1609 1160 1639 est.
1225 1603 1344 1639 Addit
1376 1604 1469 1640 duos

193 1657 320 1699 colles,
357 1655 599 1695 Quirinalem
637 1656 962 1703 Vimi'nalemque:
1010 1655 1097 1691 inde
1139 1655 1319 1703 deinceps
1357 1663 1470 1704 auget

195 1708 403 1757 Esquilias:
433 1708 558 1756 ibique
578 1708 670 1756 ipse,
701 1715 741 1744 ut
761 1708 843 1744 loco
862 1707 1025 1756 dignitas
1045 1707 1162 1754 fieret,
1182 1707 1335 1743 habitat.
1392 1709 1470 1756 Ag-

193 1774 282 1810 gere
315 1767 353 1797 et
384 1759 492 1796 fossis
523 1768 561 1796 et
592 1773 698 1796 muro
728 1760 937 1796 circumdat
968 1759 1124 1796 urbem:
1170 1759 1220 1796 ita
1247 1759 1468 1808 pomoerium

199 1813 349 1862 profert.
387 1813 629 1856 Pomoerizmz,
647 1812 747 1848 verbi
771 1812 842 1848 vim
863 1812 977 1848 solam
999 1812 1201 1855 intuentes,
1214 1812 1467 1860 postmoerium
1481 1825 1514 1850 ³0

194 1866 483 1913 interpretantur
502 1877 597 1900 esse.
653 1864 721 1900 Est
741 1872 865 1900 autem
897 1864 1017 1912 magis
1049 1864 1151 1899 circa
1183 1876 1330 1899 murum
1351 1863 1466 1908 locus,

193 1930 303 1965 quem
334 1917 371 1953 in
401 1916 610 1952 condendis
639 1916 793 1951 urbibus
819 1916 1007 1963 quondam
1041 1915 1205 1961 Etrusci,
1224 1915 1300 1962 qua
1320 1927 1467 1952 murum

194 1969 342 2005 ducturi
363 1975 482 2010 erant,
499 1968 611 2004 certis
631 1967 733 2004 circa
754 1966 1156 2015 terminisinaugurat&
1173 1967 1465 2011 consecrabant3

193 2029 235 2058 ut
263 2033 384 2069 neque
415 2020 590 2056 interiore
621 2027 724 2068 parte
755 2019 914 2055 aedificia
939 2019 1126 2055 moenibus
1144 2019 1467 2065 continuarentur,

193 2086 274 2122 quoe
295 2085 398 2110 nunc
418 2071 526 2120 vulg&
546 2072 659 2108 etiam
679 2072 939 2120 conjungunt3
979 2078 1016 2107 et
1047 2070 1281 2107 extrinsecus
1300 2072 1382 2119 puri
1403 2071 1467 2107 ali·
1481 2085 1512 2109 35

193 2126 282 2174 quid
303 2126 348 2161 ab
369 2126 533 2161 humano
554 2124 657 2160 cultu
690 2131 832 2173 pateret
852 2124 931 2160 soli.
989 2123 1074 2159 Hoc
1093 2123 1266 2170 spatium,
1286 2123 1382 2171 quod
1405 2136 1468 2159 ne-

194 2190 265 2226 que
287 2177 443 2213 habitari
466 2189 586 2224 neque
607 2176 702 2212 arari
724 2176 778 2212 sas
805 2183 896 2222 erat,
927 2188 1002 2212 non
1036 2175 1155 2223 magis
1173 2174 1273 2222 quod
1287 2181 1374 2223 post
1393 2189 1468 2211 mn-

194 2243 272 2266 rum
293 2237 403 2272 esset,
423 2228 536 2276 quam
555 2228 653 2276 quod
671 2241 798 2264 murus
817 2235 895 2276 post
911 2228 959 2270 id,
981 2227 1202 2275 pomoerium
1224 2227 1389 2264 Romani
1406 2240 1468 2275 ap-

196 2282 400 2331 pellarunt:
429 2288 466 2316 et
487 2281 522 2316 in
544 2281 646 2316 urbis
675 2281 919 2322 incremento,
949 2292 1108 2328 semper,
1129 2278 1307 2326 quantiim
1327 2280 1468 2316 moenia

195 2346 414 2384 processura
426 2340 544 2375 crant,
561 2333 709 2368 tantnm
726 2332 875 2372 termini
893 2332 928 2368 hi
945 2331 1155 2368 consecrati
1171 2331 1464 2380 proferebantur.
1479 2342 1511 2368 40
