1617 2765
578 210 718 240 LIBER
743 210 798 240 IV.
845 219 924 241 CAP.
943 220 989 241 iv.
1358 215 1431 252 109

147 312 171 330 ‘⁶
186 304 398 350 Pontifices,
433 317 606 353 augures,
642 304 808 341 Romulo
845 312 1042 353 regnante,
1078 305 1170 342 nulli
1210 314 1338 344 erant:
1382 308 1429 345 ab

147 358 315 394 “Numa
345 356 528 404 Pompilio
559 357 676 393 creati
710 364 809 394 sunt.
866 357 1015 393 Census
1036 357 1073 393 in
1108 357 1271 404 civitate,
1301 368 1338 396 et
1366 360 1429 396 de-

146 410 335 458 “scriptio
354 408 610 445 centuriarum
631 409 895 457 classiumque,
918 422 991 445 non
1013 417 1095 446 erat
1113 422 1120 446 :
1164 410 1211 445 ab
1232 411 1313 446 Ser.
1335 411 1429 447 Tul-

146 463 232 498 “lio
251 470 307 498 est
327 461 436 497 sacta.
493 461 680 497 Consules
700 473 892 509 nunquam
912 461 1058 497 fuerant
1076 474 1083 498 ;
1104 462 1257 510 regibus
1272 464 1426 509 exactis,

114 525 130 549 5
145 520 167 537 ‘⁴
182 514 296 550 creati
317 520 415 550 sunt.
473 512 678 549 Dictatoris
697 526 769 549 nec
800 513 998 561 imperium
1028 526 1100 550 nec
1121 526 1259 550 nomen
1283 514 1401 551 fuerat
1419 528 1427 551 :

143 573 166 589 “
181 566 278 614 apud
300 574 424 614 patres
443 577 525 601 esse
542 565 668 613 coepit.
709 565 873 601 Tribuni
896 565 1027 613 plebis,
1049 566 1190 612 aediles,
1211 574 1427 614 quaestores,

142 625 166 641 “
181 618 273 654 nulli
293 625 400 653 erant
418 630 425 653 :
456 616 667 653 institutum
688 624 758 663 est,
781 625 819 653 ut
840 617 983 653 fierent.
1015 617 1260 654 Decemviros
1280 618 1428 667 legibus

141 669 390 706 “scribendis
410 669 507 705 intra
526 669 661 705 decem
681 670 747 705 hos
763 682 882 706 annos
901 677 938 706 et
957 670 1179 715 creavimus,
1197 677 1234 706 et
1253 683 1273 706 e
1294 671 1428 718 repub-

141 728 164 745 “
178 722 253 758 lica
272 721 504 758 sustulimus.
560 721 662 760 Quis
682 721 841 768 dubitat,
854 722 958 769 quin,
977 722 1014 758 in
1032 729 1214 758 aeternum
1232 722 1322 758 urbe
1339 735 1428 759 con—

97 786 126 810 10
141 780 164 797 ‘⁶
178 774 268 818 dita,
287 774 324 810 in
342 774 567 810 immensum
585 780 793 818 crescente,
811 786 906 809 nova
921 774 1088 821 imperia,
1102 775 1324 819 sacerdotia,
1342 775 1436 823 jura'

141 832 165 849 ‘⁴
178 826 349 874 gentium
371 825 639 873 hominumque
657 826 899 862 instituantur
915 826 929 862 Τ
962 826 1046 862 lIoc
1063 826 1198 874 ipsum,
1215 839 1262 862 ne
1283 839 1427 863 connu-

141 878 282 914 “bium
319 877 492 914 Patribus
520 890 607 913 cum
637 878 746 925 plebe
775 885 886 924 esset,
921 891 995 914 non
1025 878 1229 914 decemviri
1259 879 1428 915 tulerunt

142 930 310 978 “paucis
339 930 396 965 his
434 929 544 965 annis
573 930 735 977 pessimo
763 930 936 977 exemplo
964 930 1129 978 publico,
1160 943 1247 967 cum
1277 931 1427 967 summa

142 988 164 1005 “
180 981 314 1030 injuria
334 981 483 1029 plebis?
539 981 602 1016 An
622 993 704 1016 esse
735 981 811 1017 ulla
843 982 959 1029 major
980 989 1043 1017 aut
1064 982 1276 1030 insignitior
1296 990 1429 1018 contu-

96 1045 126 1070 15
141 1039 164 1057 “
179 1033 289 1069 melia
309 1039 442 1081 potest,
463 1031 576 1080 quam
602 1040 746 1081 partem
776 1032 949 1077 civitatis,
983 1033 1083 1069 velut
1115 1034 1425 1081 contaminatam,

140 1085 373 1134 “indignam
410 1084 602 1121 connubio
635 1084 764 1120 haberi
783 1086 797 1120 t
853 1084 962 1124 Quid
995 1092 1054 1121 est
1087 1085 1202 1132 aliud,
1232 1084 1344 1134 quam
1364 1099 1428 1123 ex-

140 1144 163 1161 “
177 1138 302 1174 silium
332 1137 430 1173 intra
465 1137 599 1173 eadem
646 1137 797 1182 moenia,
841 1137 955 1185 quam
998 1137 1280 1186 relegationem,
1312 1139 1386 1186 pati
1409 1141 1423 1175 Ἰ

139 1196 163 1213 “
178 1189 239 1226 Ne
268 1189 526 1235 affinitatibus,
556 1202 604 1226 ne
644 1189 984 1238 propinquitatibus
1026 1189 1320 1235 immisceamur,
1364 1204 1427 1228 ca-

139 1245 163 1265 “
177 1249 289 1286 vent3
337 1254 385 1278 ne
423 1241 587 1278 societur
621 1241 785 1290 sanguis,
840 1241 947 1280 Quid
966 1243 979 1277 Ἰ
1028 1242 1099 1278 hoc
1133 1242 1164 1278 si
1202 1243 1334 1291 polluit
1363 1256 1428 1280 no-

93 1306 126 1330 20
140 1300 163 1317 “
179 1294 359 1330 bilitatem
406 1293 514 1330 istam
562 1301 735 1339 vestram,
795 1307 907 1342 quam
954 1294 1122 1342 plerique
1177 1295 1327 1331 oriundi
1376 1308 1424 1332 ex

140 1346 340 1383 “Albanis
376 1352 413 1382 et
442 1345 607 1392 Sabinis,
651 1358 726 1382 non
756 1359 896 1394 genere
926 1359 999 1382 nec
1035 1346 1235 1394 sanguine,
1265 1348 1330 1383 sed
1360 1346 1426 1396 per

141 1399 453 1447 “cooptationem
476 1398 513 1434 in
536 1398 663 1434 Patres
692 1399 851 1445 habetis,
882 1405 946 1435 aut
966 1399 1012 1435 ab
1045 1399 1197 1447 regibus
1226 1399 1328 1446 lecti,
1362 1407 1427 1437 aut

140 1457 164 1474 ‘⁶
178 1457 260 1499 post
280 1463 388 1499 reges
407 1457 560 1486 exactos
589 1450 696 1499 jussu
722 1451 848 1499 populi
867 1463 874 1494 ;
918 1451 1106 1487 sinceram
1140 1463 1286 1487 servare
1306 1451 1426 1500 priva-

140 1503 224 1539 “tis
243 1502 413 1539 consiliis
442 1515 516 1538 non
546 1503 736 1550 poteratis,
767 1515 839 1539 nec
869 1503 1045 1539 ducendo
1073 1516 1119 1539 ex
1148 1503 1271 1551 plebe,
1303 1517 1426 1552 neque

93 1567 126 1592 25
140 1562 164 1579 ‘⁶
179 1561 318 1591 vestras
337 1554 432 1590 filias
451 1567 670 1602 sororesque
691 1555 858 1591 enubere
878 1555 1039 1591 sinendo
1057 1567 1078 1590 e
1100 1555 1302 1591 Patribus?
1347 1556 1426 1592 Ne-

140 1614 164 1632 “
178 1620 239 1643 mo
258 1606 427 1655 plebejus
446 1606 614 1655 patriciae
635 1606 770 1655 virgini
791 1607 865 1643 vim
886 1607 1058 1643 afferret:
1090 1607 1332 1655 patriciorum
1354 1608 1426 1645 ista

140 1659 294 1695 “libido
313 1665 394 1695 est:
425 1671 536 1695 nemo
556 1658 714 1694 invitum
737 1659 950 1707 pactionem
972 1659 1178 1707 nuptialem
1199 1672 1427 1708 quemquam

141 1710 304 1747 “facere
324 1710 523 1758 coegisset.
582 1710 728 1746 Veruin
759 1711 953 1747 enimvero
978 1711 1061 1759 lege
1096 1711 1133 1746 id
1164 1711 1368 1759 prohiberi,
1389 1719 1427 1749 et

141 1770 165 1787 “
179 1762 412 1800 connubium
431 1761 508 1798 tolli
539 1762 691 1798 Patrum
721 1775 766 1798 ac
787 1762 919 1810 plebis,
946 1763 983 1798 id
1005 1764 1158 1799 demum
1179 1764 1427 1800 contumelio-

95 1828 127 1853 :30
142 1822 261 1851 “sum
281 1815 380 1863 plebi
401 1821 482 1850 est:
511 1826 578 1850 cur
598 1814 700 1850 enim
720 1827 796 1850 non
823 1814 1013 1859 confertis,
1048 1827 1096 1851 ne
1129 1814 1175 1852 sit
1191 1816 1426 1852 connubium

142 1867 356 1904 “divitibus
389 1879 434 1902 ac
467 1866 725 1914 pauperibus?
780 1866 897 1905 Quod
927 1867 1152 1915 privatorum
1182 1868 1426 1905 consiliorum

142 1926 165 1943 “
179 1919 317 1968 ubique
354 1931 502 1967 semper
540 1918 619 1963 fuit,
659 1928 710 1963 ut,
750 1918 788 1954 in
826 1931 939 1966 quam
979 1919 1116 1967 cuique
1147 1919 1310 1955 foeminae
1339 1933 1428 1956 con—

142 1972 342 2008 “venisset
369 1971 535 2016 domum,
557 1970 743 2015 nuberet3
773 1983 820 2007 ex
839 1971 913 2019 qua
941 1978 1075 2020 pactus
1093 1978 1192 2007 esset
1221 1971 1274 2008 vir
1302 1973 1426 2019 domo,

141 2024 216 2061 “in
238 2023 517 2060 matrimonium
548 2023 729 2068 duceret;
777 2023 814 2059 id
848 2036 912 2060 vos
945 2024 1015 2059 sub
1034 2023 1129 2072 legis
1149 2024 1428 2072 superbissimae

95 2076 331 2114 35“vincula
358 2075 558 2125 conjicitis,
579 2077 652 2124 qua
681 2076 865 2112 dirimatis
894 2076 1112 2112 societatem
1135 2076 1296 2120 civilem,
1319 2078 1428 2113 duas-

143 2135 250 2176 “que
270 2141 316 2165 ex
338 2128 412 2164 una
434 2128 584 2164 civitate
607 2127 765 2164 faciatis.
823 2128 901 2164 Cur
922 2141 997 2164 uon
1019 2128 1187 2175 sancitis,
1209 2141 1256 2164 ne
1278 2129 1426 2165 vicinus

144 2187 168 2203 ‘⁶
184 2181 340 2228 patricio
359 2180 406 2216 sit
424 2180 594 2229 plebejus
612 2181 626 2216 Τ
657 2193 704 2216 ne
724 2181 857 2216 eodem
876 2180 1008 2217 itinere
1029 2187 1089 2216 eat
1107 2182 1120 2216 2
1152 2193 1200 2216 ne
1218 2181 1317 2217 idem
1338 2194 1428 2218 con-

145 2232 321 2268 “vivium
341 2231 473 2269 ineat?
509 2245 556 2268 ne
577 2232 615 2268 in
646 2233 724 2269 foro
753 2233 886 2269 eodem
916 2232 1126 2270 consistat?
1180 2232 1290 2272 Quid
1323 2234 1427 2270 enim

145 2284 221 2320 “in
251 2297 290 2320 re
309 2291 366 2321 cst
385 2285 499 2330 aliud,
520 2285 548 2321 si
570 2284 755 2334 plebejam
775 2285 955 2334 patricius
975 2285 1137 2332 duxerit,
1171 2285 1201 2321 si
1230 2286 1427 2334 patriciam

99 2349 131 2374 ⁴10
145 2343 169 2361 “
183 2335 380 2385 plebejus‘!
409 2336 497 2384 quid
513 2336 607 2385 juris
627 2338 780 2374 tandem
810 2338 1003 2374 mutatur?
1050 2350 1186 2386 nempe
1208 2345 1350 2386 patrem
1371 2350 1428 2374 se-

146 2395 170 2412 “
183 2395 348 2436 quuntur
368 2388 473 2424 liberi
492 2401 500 2424 :
530 2401 613 2434 nec,
631 2390 729 2437 quod
750 2403 817 2426 nos
837 2403 883 2426 ex
900 2389 1091 2427 connubio
1108 2399 1228 2426 vestro
1243 2396 1427 2438 petamus,

147 2447 170 2464 ‘⁴
183 2441 386 2489 quidquam
407 2449 475 2485 est,
495 2448 741 2488 praeterquam
761 2450 800 2478 ut
821 2442 1028 2488 hominum,
1051 2449 1091 2478 ut
1111 2442 1249 2478 civium
1271 2453 1428 2477 numero

562 2497 608 2531 10
