1617 2765
205 171 257 209 54
759 171 849 202 T1T1
872 171 984 203 L1v11

207 265 480 313 pervenissent,
493 273 654 315 pergunt
675 266 762 303 inde
783 266 1005 311 Collatiam3
1035 265 1099 302 ubi
1119 265 1347 311 Lucretiam,
1368 266 1486 303 haud-

206 319 391 366 quaquam
430 328 470 355 ut
505 319 628 367 regias
665 331 796 361 nurus,
828 331 920 366 quas
940 318 978 354 in
1012 318 1182 359 convivio
1201 318 1365 366 luxuque
1396 331 1485 355 cum

207 369 413 417 aequalibus
433 371 603 406 viderant
622 378 769 419 tempus
798 378 976 413 terentes,
997 370 1061 406 sed
1086 378 1196 406 nocte
1217 371 1299 406 sera
1320 370 1486 407 deditam

205 420 300 458 lanae
322 422 417 459 inter
437 422 681 459 lucubrantes
713 422 870 459 ancillas
898 423 937 458 in
967 423 1092 459 medio
1125 423 1262 458 aedium
1291 422 1486 458 sedentem

205 473 414 510 inveniunt.
472 474 671 510 Muliebris
691 474 908 511 certaminis
926 474 1007 510 laus
1033 487 1149 523 penes
1168 474 1384 510 Lucretiam
1406 474 1486 510 suit.
1515 486 1532 511 5

207 527 430 562 Adveniens
449 526 503 562 vir
523 527 796 575 Tarquiniique
827 527 975 575 excepti
1009 526 1196 575 benigne:
1243 526 1359 562 victor
1380 526 1489 562 inari·

208 586 269 614 tus
297 579 454 615 comiter
485 579 617 615 invitat
654 579 778 628 regios
807 579 977 628 juvenes.
1036 579 1093 614 Ibi
1125 579 1212 614 Sex.
1234 578 1488 626 Tarquinium

207 630 306 666 mala
325 631 441 667 libido
459 631 647 667 Lucretiae
676 644 740 679 per
761 632 834 667 vim
858 631 1071 679 stuprandae
1093 631 1214 678 capit:
1257 638 1334 666 tum
1357 630 1489 678 forma,

204 689 282 718 turn
303 690 472 731 spectata
500 684 652 720 castitas
669 683 810 719 incitat.
868 683 917 719 Et
945 690 1026 719 tum
1055 683 1207 731 quidem
1238 683 1284 718 ab
1304 689 1489 719 nocturno

201 734 360 783 juvenili
379 735 467 772 ludo
487 736 525 772 in
546 743 670 772 castra
683 735 854 771 redeunt.
1502 744 1533 770 10

257 838 405 875 LVIII.
444 839 580 875 Paucis
601 839 807 888 interjectis
826 838 972 882 diebus,
994 839 1081 874 Sex.
1102 838 1347 886 Tarquinius,
1368 838 1489 875 inscio

205 889 407 937 Collatino,
427 904 514 927 cum
545 892 682 928 comite
716 904 791 928 uno
820 890 1018 928 Collatiam
1050 890 1171 926 venit:
1211 891 1275 926 ubi
1305 898 1489 938 exceptus

205 941 370 991 benigne
391 944 437 979 ab
457 944 598 992 ignaris
617 944 779 986 consilii,
807 956 922 991 quum
955 951 1037 991 post
1067 955 1217 978 coenam
1249 943 1287 978 in
1308 942 1488 990 hospitale

205 995 425 1031 cubiculum
463 996 649 1032 deductus
685 1003 797 1042 esset,
831 1008 956 1031 amore
987 995 1135 1037 ardens,
1172 1004 1365 1043 postquam
1400 995 1489 1030 satis

205 1053 286 1083 tuta
305 1047 407 1083 circa
427 1048 611 1096 sopitique
630 1060 762 1084 omnes
781 1048 1016 1092 videbantur,
1048 1046 1176 1083 stricto
1195 1047 1320 1095 gladio
1340 1046 1385 1082 ad
1406 1047 1488 1083 dor·
1503 1058 1534 1083 15

205 1098 384 1135 mientem
406 1099 623 1136 Lucretiam
654 1100 768 1146 venit,
799 1100 1021 1147 sinistraque
1059 1111 1173 1135 manu
1204 1098 1371 1135 mulieris
1402 1111 1490 1147 pec-

206 1157 287 1187 tore
305 1164 493 1200 oppresso,
528 1154 550 1174 ‘⁶
568 1152 689 1195 Tace,
711 1152 924 1197 Lucretia‚''
947 1151 1092 1199 inquit:
1133 1154 1159 1173 ⁴·
1175 1152 1266 1187 Sex.
1287 1151 1489 1198 Tarquini-

206 1205 230 1224 “
248 1216 290 1239 us
311 1216 415 1248 sum3
455 1204 594 1240 serrum
624 1204 661 1240 in
693 1217 807 1240 manu
837 1211 918 1240 est:
968 1203 1142 1249 moriere,
1180 1203 1210 1238 si
1240 1203 1409 1238 emiseris
1428 1215 1490 1239 vo·

206 1256 370 1291 “cem-'³
426 1255 560 1294 Quum
593 1256 728 1304 pavida
765 1269 811 1292 ex
847 1269 978 1292 somno
1015 1255 1149 1291 mulier
1186 1254 1327 1290 nullam
1365 1267 1487 1303 opem,

207 1308 320 1356 prope
342 1315 499 1345 mortem
519 1308 794 1352 imminentem,
822 1308 990 1351 videret3
1021 1315 1100 1343 tum
1131 1306 1362 1354 Tarquinius
1382 1306 1534 1343 saterim

208 1372 386 1403 amorem,
407 1373 526 1404 orare,
557 1361 717 1397 miscere
747 1360 924 1409 precibus
957 1359 1088 1404 minas,
1123 1371 1269 1395 versare
1300 1358 1337 1394 in
1357 1371 1490 1395 ornnes

206 1420 331 1461 partes
350 1413 572 1449 muliebrem
593 1413 772 1449 animum.
830 1412 903 1449 Ubi
931 1412 1158 1449 obstinatam
1193 1411 1354 1453 videbat,
1386 1418 1423 1447 et
1442 1423 1490 1447 ne

208 1466 338 1501 mortis
375 1465 525 1513 quidem
563 1473 666 1501 metu
699 1465 887 1508 inclinari,
923 1465 1026 1501 addit
1054 1464 1101 1499 ad
1135 1471 1276 1500 metum
1296 1463 1488 1499 dedecus:

208 1529 295 1553 cum
316 1520 461 1554 mortua
477 1517 690 1566 jugulatum
710 1530 855 1554 servum
890 1517 1035 1553 nudum
1067 1516 1286 1564 positurum,
1307 1516 1368 1561 ait,
1390 1522 1431 1551 ut
1450 1514 1488 1551 in

208 1569 357 1606 sordido
377 1569 561 1606 adulterio
581 1578 717 1606 necata
735 1570 894 1605 dicatur.
949 1568 1041 1607 Quo
1061 1576 1200 1604 terrore
1234 1580 1347 1615 quum
1380 1567 1535 1603 vicis-25

208 1628 265 1657 set
283 1622 508 1658 obstinatam
531 1622 751 1670 pudicitiam
782 1621 881 1657 velut
913 1620 1044 1656 victrix
1066 1620 1194 1662 libido,
1225 1619 1489 1667 profectusque

208 1673 296 1709 inde
317 1673 563 1722 Tarquinius,
597 1674 698 1710 ferox
732 1680 947 1722 expugnato
976 1673 1113 1709 decore
1146 1671 1333 1714 muliebri,
1365 1679 1487 1715 esset;

209 1725 400 1769 Lucretia,
422 1735 555 1763 moesta
574 1734 677 1762 tanto
710 1726 821 1769 malo,
853 1725 1028 1761 nuntium
1060 1725 1223 1761 Romam
1245 1723 1421 1759 eumdem
1442 1723 1490 1759 ad

208 1774 367 1826 patrem,
390 1779 630 1826 Ardeamque
651 1779 698 1814 ad
718 1778 838 1814 virum
858 1777 982 1820 mittit,
1014 1784 1055 1813 ut
1086 1789 1173 1812 cum
1194 1775 1352 1824 singulis
1372 1775 1490 1811 fideli-

209 1830 279 1866 bus
299 1831 432 1867 amicis
451 1831 628 1867 veniant:
666 1831 717 1867 ita
736 1830 835 1866 facto
858 1837 1116 1876 maturatoque
1146 1841 1240 1876 opus
1258 1840 1361 1872 esse;
1409 1840 1488 1863 rem
1502 1837 1535 1862 ao

209 1889 374 1918 atrocem
396 1883 587 1919 incidisse.
645 1883 710 1930 Sp.
747 1881 947 1918 Lucretius
976 1893 1063 1917 curn
1104 1880 1142 1916 P.
1178 1879 1330 1916 Valerio
1359 1879 1487 1916 Volesi

209 1933 298 1978 filio,
320 1934 531 1971 Collatinus
550 1947 638 1971 cum
668 1934 711 1970 L.
732 1933 847 1970 Junio
877 1933 991 1969 Bruto
1010 1932 1136 1977 venit3
1187 1944 1274 1967 cum
1303 1944 1376 1980 quo
1397 1931 1489 1968 forte

209 1986 373 2023 Romam
394 1987 544 2023 rediens
564 1987 611 2022 ab
641 1986 774 2023 nuntio
808 1985 933 2021 uxoris
966 1991 1046 2020 erat
1074 1990 1293 2020 conventus.
1350 1983 1491 2020 Lucre-

209 2038 300 2075 tiam
331 2039 526 2075 sedentem
564 2046 735 2075 moestam
772 2037 810 2074 in
846 2036 1022 2073 cubiculo
1052 2036 1277 2072 inveniunt:
1325 2036 1488 2072 adventu

210 2103 361 2128 suorum
393 2091 568 2140 lacrymae
596 2091 759 2127 obortae:
813 2089 1069 2137 quaerentique
1100 2088 1188 2133 viro,
1226 2088 1398 2124 “Sati'n’
1420 2087 1535 2123 sal-35

210 2144 235 2166 “
250 2145 331 2180 vae'!
347 2144 369 2160 ”
425 2146 448 2165 “
463 2143 665 2190 Minime?
688 2142 830 2190 inquit;
869 2141 997 2189 “quid
1018 2141 1118 2176 enim
1139 2139 1229 2176 salvi
1252 2147 1308 2176 est
1327 2139 1488 2182 mulieri,

210 2197 234 2218 “
252 2196 386 2232 amissa
405 2196 586 2244 pudicitia
605 2197 618 2231 ‘l
676 2194 848 2242 Vestigia
867 2193 933 2229 viri
955 2193 1080 2235 alieni,
1103 2192 1302 2236 Collatine‚
1334 2192 1371 2228 in
1392 2191 1490 2228 lecto

211 2251 235 2271 “
252 2256 340 2285 sunt
359 2255 434 2284 tuo.
490 2248 677 2284 Caetersim
698 2259 833 2295 corpus
852 2253 908 2282 est
937 2245 1087 2281 tantilm
1118 2244 1308 2286 violatum,
1343 2244 1490 2280 animus

211 2303 235 2323 “
253 2301 407 2337 insons:
455 2313 554 2336 mors
587 2300 691 2336 testis
727 2299 809 2334 erit.
867 2298 943 2334 Sed
980 2298 1064 2333 date
1102 2297 1251 2332 dextras
1288 2296 1488 2344 fidemque,

211 2353 352 2389 “haud
374 2351 526 2401 impune
548 2352 716 2388 adultero
742 2350 830 2387 sore.
888 2350 1028 2386 Sextus
1061 2356 1118 2385 est
1150 2348 1393 2396 Tarquinius,
1426 2347 1535 2395 qui«)

212 2409 236 2429 “
253 2406 368 2442 bostis
388 2418 453 2453 pro
474 2404 631 2452 hospite,
652 2404 772 2452 priore
788 2410 898 2438 nocte
920 2402 967 2444 vi,
989 2408 1166 2447 armatus,
1187 2400 1278 2437 mihi
1311 2399 1488 2448 (sibique,

213 2463 237 2483 ‘⁶
255 2459 285 2495 si
305 2471 368 2495 vos
389 2457 456 2493 viri
475 2457 582 2508 estis)
603 2455 821 2505 pestiferum
843 2454 931 2491 hinc
952 2453 1103 2490 abstulit
1121 2452 1339 2502 gaudium.”
1387 2451 1490 2488 Dant.
