1617 2765
590 144 726 175 LIBER
748 143 860 174 XXII.
907 154 987 175 CAP.
1006 155 1085 175 mii.
1401 150 1475 188 197

196 238 375 276 Romana
393 237 556 275 trecenis
576 237 741 273 nummis
759 238 1002 286 quadrigatis,
1034 238 1071 274 in
1092 238 1214 275 socios
1234 240 1405 285 ducenis,
1436 242 1475 279 in

196 302 322 328 servos
350 289 535 335 centenis,
564 296 602 325 et
630 296 683 332 ut,
721 301 766 325 eo
795 290 914 337 pretio
951 290 1152 338 persoluto,
1195 303 1282 327 curn
1317 293 1475 342 singulis

196 342 343 379 abirent
362 341 606 387 vestimentis,
626 341 665 377 in
685 348 808 377 castra
828 342 952 378 hostes
980 349 1210 390 acceperunt
1227 356 1236 386 3
1275 345 1475 394 traditique

195 393 234 430 in
255 394 466 431 custodiam
485 405 617 430 omnes
637 400 737 436 sunt,
759 405 926 430 seorsum
947 394 1048 430 cives
1068 394 1247 442 sociique.
1306 395 1407 432 Dum
1424 398 1475 435 ibi

166 452 342 495 5tempus
363 446 505 488 teritur,
536 445 681 481 interea
707 458 822 493 quum
856 458 905 482 ex
935 446 1140 495 majoribus
1168 447 1311 492 castris,
1342 449 1477 496 quibus

193 498 283 534 satis
302 497 436 534 virium
457 505 521 533 aut
549 497 666 533 animi
696 497 778 543 fuit,
807 498 852 533 ad
882 505 1040 546 quatuor
1069 498 1186 535 millia
1216 499 1410 536 hominum
1440 510 1477 538 et

193 549 349 586 ducenti
377 550 536 598 equiteS,
566 549 629 585 alii
660 549 825 598 agmine,
857 550 919 586 alii
950 550 1062 599 palati
1083 550 1219 599 passim
1250 564 1315 600 per
1353 565 1475 601 agros,

191 602 290 650 quod
311 602 410 638 haud
432 601 559 638 minus
578 608 699 638 tutum
721 609 812 646 erat,
834 602 1044 638 Canusium
1065 603 1329 652 perfugissent,
1351 612 1476 642 castra

190 654 271 702 ipsa
290 654 337 690 ab
356 654 495 691 sauciis
514 653 731 702 timidisque
753 654 887 690 eadem
910 655 1139 701 conditione,
1160 658 1231 704 qua
1253 656 1382 703 altera,
1404 664 1476 693 tra-

147 713 178 739 10
190 706 268 742 dita
287 706 396 743 hosti.
454 706 585 742 Praeda
607 706 741 754 ingens
760 713 864 755 parta
883 714 940 743 est
957 720 965 742 :
1003 713 1052 750 et,
1074 715 1208 756 praeter
1228 721 1343 756 equos
1364 709 1477 746 viros-

189 770 272 806 que,
294 766 332 794 et
351 759 381 794 si
401 758 491 806 quid
512 759 658 806 argenti
689 758 806 806 (quod
826 759 1028 806 plurimum
1050 760 1088 796 in
1109 760 1273 808 phaleris
1292 773 1473 809 equorum

188 817 290 855 erat;
319 823 406 846 nam
427 811 473 846 ad
495 811 724 846 vescendum
746 810 844 847 facto
867 811 1082 860 perexiguo,
1105 812 1233 860 utique
1254 813 1472 857 militantes,

188 862 423 912 utebantur),
443 862 568 899 omnis
597 869 734 899 caetera
755 863 880 911 praeda
900 863 1113 912 diripienda
1136 864 1223 900 data
1243 873 1309 901 est.
1368 865 1474 902 Tum

187 914 395 962 sepeliendi
431 915 546 950 causa
583 914 745 951 conferri
777 915 813 951 in
844 928 961 951 unum
996 928 1153 964 corpora
1172 929 1323 953 suorum
1350 917 1474 966 jussit.

143 974 174 998 15
188 965 250 1002 Ad
269 973 356 1002 octo
376 966 492 1002 millia
512 966 626 1002 fuisse
646 967 825 1002 dicuntur
846 967 1130 1003 fortissimorum
1153 969 1326 1005 virorum.
1375 970 1476 1006 Con-

186 1017 307 1054 sulem
327 1030 474 1066 quoque
495 1017 716 1054 Romanum
746 1019 1000 1066 conquisitum
1021 1019 1297 1068 sepultumque,
1318 1021 1473 1068 quidam

186 1077 360 1106 auctores
389 1077 488 1106 sunt.
563 1070 651 1115 Eos,
690 1070 754 1118 qui
797 1071 1008 1107 Canusium
1038 1071 1293 1120 perfugerant,
1336 1073 1471 1110 mulier

186 1122 326 1171 Apula,
346 1122 500 1159 nomine
521 1122 635 1169 Busa,
655 1135 794 1171 genere
815 1123 916 1159 clara
937 1136 981 1159 ac
1002 1124 1154 1170 divitiis,
1181 1125 1370 1161 moenibus
1390 1132 1472 1162 tan-

186 1173 266 1211 tum
286 1175 469 1222 tectisque
490 1188 511 1211 a
530 1175 737 1211 Canusinis
757 1183 947 1223 acceptos,
970 1175 1170 1223 frumento,
1198 1184 1312 1221 veste,
1335 1177 1472 1215 viatico

140 1226 437 1276 eoetia1njuvit3
477 1240 543 1275 pro
562 1229 633 1275 qua
653 1227 687 1263 ei
718 1227 978 1264 munificentia
998 1235 1139 1276 postea,
1162 1229 1259 1266 bello
1287 1229 1473 1278 perfecto,

186 1278 233 1315 ab
253 1286 385 1316 senatu
406 1279 566 1316 honores
587 1279 703 1316 habiti
724 1286 823 1316 sunt.

239 1384 348 1421 LIII.
397 1384 599 1430 Caeterfim‚
628 1397 743 1433 quum
774 1385 824 1422 ibi
854 1386 995 1422 tribuni
1035 1386 1196 1423 militum
1227 1395 1385 1435 quatuor
1415 1400 1473 1424 es-

184 1443 281 1483 sent,
318 1436 460 1473 Fabius
494 1437 685 1474 Maximus
713 1438 760 1474 de
789 1438 939 1487 legione
967 1439 1099 1487 prima,
1129 1439 1237 1488 cujus
1266 1447 1370 1488 pater
1397 1440 1472 1488 pri-

183 1501 248 1525 ore
267 1501 368 1526 anno
396 1489 556 1526 dictator
586 1489 716 1535 fuerat,
738 1497 774 1526 et
794 1491 840 1526 de
857 1491 1006 1539 legione
1023 1492 1193 1527 secunda
1209 1491 1252 1528 L.
1274 1492 1472 1528 Publicius

139 1540 342 1577 25Bibulus
369 1548 407 1578 et
436 1542 475 1578 P.
507 1541 706 1578 Cornelius
735 1542 877 1590 Scipio,
917 1550 954 1579 et
995 1543 1042 1579 de
1079 1543 1228 1591 legione
1259 1544 1365 1580 tertia
1397 1544 1471 1593 Ap.

184 1593 369 1630 Claudius
399 1594 575 1637 Pulcher,
604 1594 668 1642 qui
688 1595 854 1642 proxime
876 1595 996 1631 aedilis
1015 1595 1162 1640 fuerat3
1192 1596 1362 1632 omnium
1383 1609 1473 1632 con-

185 1657 299 1681 sensu
319 1645 365 1681 ad
389 1645 431 1681 P.
452 1645 683 1694 Scipionem,
705 1646 908 1683 admodum
939 1648 1235 1694 adolescentem,
1268 1655 1306 1684 et
1325 1649 1372 1684 ad
1395 1649 1470 1697 Ap.

187 1696 404 1740 Claudiurn,
426 1710 573 1733 summa
593 1698 739 1745 imperii
756 1699 879 1735 delata
898 1706 976 1735 est:
1008 1700 1144 1747 quibus
1164 1700 1470 1737 consultantibus

185 1748 282 1785 inter
319 1762 459 1797 paucos
487 1749 533 1785 de
563 1750 711 1785 summa
752 1763 876 1786 rerum
906 1751 1054 1787 nuntiat
1084 1751 1125 1787 P.
1156 1751 1294 1788 Furius
1324 1752 1468 1799 Philus,

139 1808 172 1834 30
185 1801 394 1838 consularis
415 1802 480 1838 viri
501 1801 612 1844 filius,
644 1801 950 1850 “Nequidquam
971 1816 1035 1839 eos
1064 1803 1249 1851 perditam
1279 1816 1383 1852 spem
1418 1804 1470 1841 fo-

186 1859 210 1875 “
224 1865 334 1890 vere:
382 1854 617 1901 desperatam
648 1855 989 1903 comploratamque
1027 1868 1106 1891 rem
1144 1868 1226 1892 esse
1264 1856 1467 1904 publicam.

185 1904 382 1941 “Nobiles
410 1905 569 1954 juvenes
599 1906 794 1953 quosdam,
826 1919 983 1954 quorum
1013 1908 1224 1956 principem
1253 1907 1296 1944 L.
1319 1908 1469 1945 Caecili-

184 1962 286 1993 “um
306 1956 518 2002 Metellum,
539 1969 641 1993 mare
661 1970 706 1994 ac
727 1970 841 1994 naves
874 1966 1058 2006 spectare,
1092 1967 1143 2006 ut,
1177 1960 1325 1996 deserta
1346 1960 1467 2007 Italia,

185 2009 270 2046 “ad
290 2021 418 2058 regem
447 2009 610 2057 aliquem
641 2010 931 2059 transfugiant.”
986 2011 1104 2050 Quod
1133 2012 1285 2057 malurn,
1317 2019 1467 2061 praeter·

138 2068 171 2093 35
183 2069 294 2110 quam
315 2069 418 2098 atrox
438 2074 548 2110 super
568 2068 621 2098 tot
640 2062 781 2105 clades,
812 2063 925 2099 etiam
947 2076 1098 2107 novum,
1115 2077 1228 2112 quum
1251 2072 1401 2112 stupore
1422 2077 1467 2101 ac

184 2113 367 2150 miraculo
386 2114 549 2161 torpidos
581 2114 783 2160 defixisset,
817 2122 866 2159 et,
900 2115 963 2163 qui
994 2116 1160 2162 aderant,
1182 2117 1383 2153 consilium
1404 2117 1468 2153 ad-

184 2165 398 2201 vocandum
420 2166 466 2201 de
487 2178 532 2202 eo
551 2174 775 2211 censerent3
819 2175 933 2216 negat
953 2168 1101 2204 consilii
1135 2181 1213 2204 rem
1233 2181 1315 2205 esse
1337 2168 1467 2218 Scipio

180 2216 343 2266 juvenis,
365 2216 486 2254 fatalis
505 2217 582 2254 dux
603 2218 760 2267 hujusce
777 2219 876 2255 belli.
934 2226 958 2242 ‘⁶
976 2220 1208 2256 Audendum
1225 2228 1335 2269 atque
1353 2234 1467 2270 agen-

186 2275 211 2292 “
224 2269 328 2316 dum,
346 2282 422 2305 non
441 2269 769 2316 consultandum,''
791 2272 853 2316 ait,
876 2278 899 2294 ‘⁶
915 2271 952 2308 in
972 2280 1076 2309 tanto
1096 2273 1193 2309 malo
1208 2286 1303 2310 esse.
1361 2273 1467 2309 Irent

140 2327 173 2352 4⁰
188 2327 354 2357 “secum
374 2321 561 2369 extemplo
580 2323 725 2366 armati,
752 2324 812 2372 qui
834 2325 1107 2372 rempublicam
1139 2325 1278 2361 salvam
1301 2325 1463 2362 vellent:

188 2379 409 2421 “nusquam
430 2373 563 2416 verius,
597 2374 709 2422 quam
739 2376 802 2412 ubi
823 2388 869 2412 ea
887 2377 1114 2424 cogitentur,
1144 2378 1306 2414 hostium
1341 2384 1465 2413 castra

188 2426 345 2463 “esse.’'
403 2425 530 2474 Pergit
548 2426 614 2469 ire,
635 2428 877 2474 sequentibus
909 2429 1051 2477 paucis,
1087 2430 1125 2466 in
1156 2430 1358 2478 hospitium
1382 2427 1464 2464 Me-

627 2479 700 2514 17*
