1617 2765
144 208 223 246 236
684 212 774 244 T1T1
799 213 908 244 mvn

147 307 263 341 “tum
283 304 357 342 vim
386 305 563 343 Fortunae
593 305 829 356 Martemque
859 307 946 345 belli
975 321 1230 356 communem,
1259 321 1424 358 propone

147 356 320 395 “animo.
376 358 571 407 Utrimque
602 359 752 403 ferrum,
782 373 938 409 corpora
966 361 1131 398 humana
1159 369 1294 398 erunt:
1337 375 1425 399 nus-

146 414 295 457 “quam
328 410 451 447 minus
483 423 594 459 quam
632 411 669 448 in
701 412 810 459 bello,
841 420 997 449 eventus
1025 414 1264 462 respondent.
1335 413 1424 451 Non

145 466 328 499 “tantum
349 464 394 499 ad
415 463 466 507 id,
495 464 593 511 quod
613 463 701 500 data
721 477 813 513 pace
831 465 908 514 jam
935 466 1073 502 habere
1093 474 1210 514 poteS‚
1245 466 1274 502 si
1294 466 1424 514 proelio

144 519 168 538 “
181 514 323 562 vincas,
343 515 470 564 gloriae
492 516 688 564 adjeceriS‚
709 525 889 564 quantum
908 518 1106 560 ademeris,
1127 518 1156 554 si
1173 518 1263 566 quid
1279 519 1423 555 adversi
1453 527 1470 552 5

143 571 167 590 “
181 568 341 604 eveniat.
373 567 493 604 Simul
514 575 620 616 parta
639 580 683 604 ac
703 577 849 617 sperata
869 570 1007 607 decora
1027 571 1139 607 unius
1156 570 1256 606 horae
1277 570 1425 607 fortuna

143 623 349 656 “evertere
369 627 500 668 potest.
557 619 700 656 Omnia
720 621 757 657 in
774 634 868 670 pace
897 622 1093 671 jungenda
1127 629 1199 659 tuae
1232 622 1425 671 potestatis

141 675 164 694 “
179 679 279 717 sunt,
300 671 340 708 P.
362 672 537 708 Corneli:
581 679 672 708 tunc
691 685 736 708 ea
756 673 930 710 habenda
951 675 1098 711 fortuna
1127 675 1210 723 erit,
1228 687 1339 723 quam
1359 674 1425 711 Dii

142 727 165 747 ‘⁶
182 723 367 760 dederint.
442 723 547 760 Inter
594 737 716 772 pauca
752 724 941 762 felicitatis
985 727 1204 775 virtutisque
1250 726 1426 774 exempla

141 779 166 799 ‘4
181 775 236 811 M.
258 776 399 812 Atilius
426 776 616 825 quondam
646 776 684 812 in
714 777 786 813 hac
814 778 947 814 eadem
967 780 1063 815 terra
1084 779 1226 822 fuisset,
1258 778 1288 814 si
1308 778 1424 814 victor
1441 788 1470 813 10

140 830 311 875 “pacem
337 828 553 876 petentibus
573 829 738 865 dedisset
753 830 921 878 patribus
937 831 1072 867 nostris
1089 843 1097 867 ε
1135 843 1210 867 non
1227 830 1426 867 statuendo

141 880 332 916 “tandem
354 880 523 917 felicitati
543 881 708 927 modum,
735 894 808 918 nec
827 883 1040 919 cohibendo
1059 883 1277 920 efferentem
1298 895 1336 919 se
1357 882 1426 919 for-

140 936 163 955 “
177 938 321 979 tunam,
350 932 489 981 quanto
518 933 627 970 altius
655 933 774 970 elatus
802 942 895 981 erat,
923 933 967 972 ec}
987 934 1121 971 foedifis
1149 935 1300 972 corruit.
1357 934 1426 971 Est

140 984 333 1031 “quidem
371 985 466 1033 ejus,
495 985 557 1033 qui
596 986 672 1029 dat,
702 999 778 1023 non
806 987 868 1034 qui
898 987 1002 1036 petit,
1032 988 1269 1023 conditiones
1297 987 1424 1023 dicere

140 1040 164 1059 “
179 1037 307 1084 pacis:
337 1038 403 1073 sed
424 1037 578 1074 forsitan
599 1050 673 1074 non
701 1038 846 1087 indigni
881 1040 1011 1085 simus,
1045 1039 1107 1087 qui
1138 1039 1325 1075 nobismet
1353 1039 1423 1087 ipsi
1439 1050 1469 1075 15

139 1088 332 1125 “multam
354 1090 572 1138 irrogemus.
629 1090 719 1127 Non
739 1103 971 1134 recusamus,
992 1091 1082 1139 quin
1106 1091 1244 1136 omnia,
1277 1098 1423 1139 propter

140 1145 259 1188 “quae
280 1141 418 1177 bellum
440 1142 574 1178 initum
594 1149 662 1187 est,
686 1149 806 1178 vestra
825 1143 913 1185 sint,
946 1143 1090 1189 Sicilia,
1126 1143 1312 1187 Sardinia,
1336 1143 1424 1179 His-

139 1192 301 1240 “pania‚
322 1193 503 1241 quidquid
534 1193 742 1230 insularum
772 1200 850 1230 toto
868 1194 965 1231 inter
1000 1194 1171 1230 Africam
1201 1194 1423 1242 Italiamque

140 1245 394 1281 “continetur
428 1245 532 1281 mari.
603 1245 954 1295 Carthaginienses,
983 1246 1120 1283 inclusi
1151 1246 1292 1283 Asricae
1312 1246 1425 1283 litori-

139 1296 261 1344 “bus‚
300 1309 363 1333 vos
401 1296 569 1346 (quando
598 1297 650 1334 ita
678 1297 761 1334 Diis
789 1298 951 1349 placuit)
994 1305 1154 1335 externa
1181 1299 1294 1335 etiam
1324 1298 1468 1335 terram

140 1349 345 1397 “marique
383 1350 577 1386 videamus
606 1357 781 1399 regentes
810 1351 977 1399 imperia.
1049 1351 1163 1387 Haud
1192 1351 1421 1400 negaverim,

139 1405 325 1450 “propter
354 1415 430 1439 non
460 1402 573 1438 nimis
592 1402 739 1439 sincere
761 1403 915 1452 petitam
946 1410 1010 1440 aut
1028 1410 1283 1452 exspectatam
1304 1416 1423 1452 nuper

139 1458 322 1502 “pacem,
360 1461 574 1503 suspectam
607 1468 690 1491 esse
719 1456 823 1492 vobis
853 1456 1036 1492 Punicam
1066 1456 1203 1492 fidem:
1251 1456 1420 1499 multum,

139 1510 240 1553 “per
260 1520 352 1554 quos
370 1507 486 1555 petita
505 1507 563 1552 sit,
585 1508 631 1543 ad
660 1507 774 1544 fidem
794 1508 945 1544 tuendae
964 1508 1069 1556 pacis
1084 1508 1257 1556 pertinet,
1277 1507 1418 1555 Scipio.

138 1558 301 1595 “Vestri
330 1572 475 1607 quoque
511 1558 569 1608 (ut
598 1560 723 1609 audio)
755 1560 884 1597 Patres
912 1560 1084 1596 nonnihil
1113 1560 1226 1596 etiam
1255 1559 1303 1596 ob
1333 1559 1418 1603 hoc,
1433 1569 1466 1594 25

139 1610 261 1657 “quia
281 1623 411 1659 parum
431 1611 652 1660 dignitatis
644 1625 682 1648 ln
699 1612 886 1670 legatione
906 1619 998 1656 erat,
1020 1618 1254 1661 negaverunt
1273 1623 1419 1660 pacem.

140 1662 370 1699 “Hannibal
400 1671 486 1712 peto
515 1676 670 1713 pacem;
715 1665 778 1713 qui
816 1677 940 1713 neque
978 1671 1158 1712 peterem,
1189 1663 1260 1700 nisi
1290 1663 1422 1699 utilem

139 1716 398 1752 “crederem
445 1722 482 1752 et
517 1724 667 1765 propter
709 1717 882 1753 eamdem
921 1717 1119 1753 utilitatem
1162 1716 1293 1753 tuebor
1322 1728 1419 1759 earn,

139 1770 163 1790 ‘⁶
176 1774 324 1815 propter
344 1780 456 1816 quam
476 1768 589 1817 petii:
635 1775 684 1812 et,
705 1769 1035 1817 quemadmodum,
1055 1769 1143 1817 quia
1162 1781 1183 1805 a
1202 1781 1261 1804 me
1282 1767 1420 1804 bellum

139 1823 163 1842 ‘⁶
177 1826 344 1868 coeptum
363 1828 431 1866 est,
466 1833 514 1857 ne
533 1834 644 1869 quem
664 1821 745 1870 ejus
764 1822 976 1870 poeniteret,
1008 1821 1159 1879 quoad'
1151 1820 1220 1869 1psi
1250 1820 1420 1857 invidere
1434 1829 1467 1854 3ο

138 1870 261 1914 “Dei,
296 1873 477 1920 praestiti3
520 1873 572 1909 ita
590 1873 750 1917 annitar,
781 1886 829 1910 ne
848 1886 959 1922 quem
993 1872 1096 1922 pacis
1125 1885 1191 1921 per
1219 1884 1278 1908 me
1307 1877 1420 1920 partae

138 1925 163 1945 “
175 1923 395 1971 poeniteat.”

190 2026 346 2064 XXXI.
394 2027 587 2064 Adversus
607 2029 690 2065 haec
710 2028 909 2076 imperator
928 2029 1128 2065 Romanus
1159 2027 1197 2064 in
1218 2027 1317 2063 hanc
1344 2026 1420 2063 fere

139 2079 365 2115 sententiam
385 2080 587 2129 respondit.
645 2086 668 2103 “
684 2080 771 2117 Non
793 2093 852 2116 me
873 2080 1034 2125 fallebat,
1057 2079 1262 2125 Hannibal,
1285 2079 1421 2115 adven-

140 2130 240 2167 “tas
281 2131 335 2167 tui
377 2144 441 2181 spe
481 2132 816 2182 Carthaginienses
854 2140 891 2169 et
929 2139 1152 2181 praesentem
1182 2131 1468 2168 induciarumas

140 2185 165 2205 “
179 2181 303 2227 fidem,
324 2190 361 2219 et
381 2196 483 2232 spem
503 2185 607 2232 pacis
627 2184 822 2221 turbasse·
866 2197 987 2232 neque
1018 2191 1057 2221 tu
1078 2184 1115 2220 id
1135 2186 1227 2221 sane
1248 2183 1422 2219 dissimu-

141 2237 165 2257 “
178 2234 243 2278 las,
265 2234 327 2282 qui
347 2235 394 2271 de
414 2237 695 2273 conditionibus
714 2237 967 2284 superioribus
996 2236 1101 2285 pacis
1132 2236 1261 2273 omnia
1280 2236 1422 2272 subtra-

142 2286 261 2328 “has,
281 2294 415 2334 praeter
431 2300 486 2332 ea,
517 2301 599 2336 quae
624 2288 701 2337 jam
730 2288 874 2337 pridem
904 2289 942 2324 in
972 2289 1100 2325 nostra
1117 2295 1302 2337 potestate
1322 2293 1421 2323 sunt.

142 2337 386 2384 “CaeterUm,
408 2338 591 2376 sicuttibi
625 2353 725 2376 curae
757 2348 827 2386 est,
858 2341 996 2377 sentire
1026 2341 1128 2377 cives
1156 2347 1255 2386 tuos,
1283 2346 1423 2388 quanto

143 2392 245 2438 “per
273 2396 309 2426 te
336 2403 451 2427 onere
480 2391 674 2437 leventur;
704 2392 759 2428 sic
779 2393 870 2428 mihi
899 2393 1146 2429 laborandum
1167 2399 1237 2439 est,
1258 2404 1320 2434 ne,
1340 2403 1422 2439 quae
1434 2401 1467 2426 40

143 2444 165 2464 “
182 2448 272 2478 tunc
292 2442 528 2491 pepigerunt,
550 2444 659 2480 hodie
693 2444 884 2481 subtracta
916 2457 963 2481 ex
996 2444 1278 2481 conditionibus
1306 2442 1421 2491 pacis,

143 2494 334 2541 “praemia
353 2494 518 2543 perfidiae
548 2496 721 2532 habeant.
778 2496 946 2546 Iudigui,
973 2497 1108 2545 quibus
1136 2496 1270 2532 eadem
1299 2500 1424 2543 pateat
