1617 2765
593 183 733 214 LIBER
754 183 866 214 XXII.
905 193 981 214 CAP.
998 193 1031 213 L.
1373 188 1446 224 195

171 276 276 320 alter,
295 291 362 315 seu
383 278 488 320 sorte,
509 288 574 313 seu
604 276 773 320 consilio,
794 276 887 312 nulli
918 276 1141 325 fugientium
1164 276 1360 326 [infestus]
1383 292 1445 328 ag-

171 329 277 372 mini,
307 342 393 367 cum
421 327 658 377 septuaginta
699 327 776 364 fere
815 327 1002 375 equitibus
1030 328 1239 364 Venusiam
1268 330 1442 378 perfugit.

170 380 435 430 Quadraginta
455 380 568 416 millia
588 380 769 427 peditum,
800 380 875 416 duo
903 379 1019 416 millia
1037 380 1266 428 septingenti
1285 381 1441 428 equites,

170 440 207 468 ct
226 440 328 468 tanta
346 431 458 480 prope
480 431 619 468 civium
639 431 899 479 sociorumque
919 444 1013 479 pars,
1048 432 1137 467 caesi
1157 432 1335 467 dicuntur
1353 445 1362 476 ;
1405 434 1442 470 in

140 487 156 510 5
171 483 227 519 his
246 484 356 520 ambo
375 483 571 520 consulum
591 490 804 531 quaestoreS,
827 482 868 519 L.
893 483 1031 519 Atilius
1055 491 1092 520 et
1111 483 1154 520 L.
1177 483 1314 519 Furius
1335 484 1444 521 Biba-

169 535 298 572 culus:
329 548 425 572 unus
444 542 482 572 et
509 535 640 583 viginti
670 535 811 571 tribuni
839 535 1021 579 militum;
1055 535 1273 572 consulares
1292 536 1443 584 quidam

167 587 402 636 praetoriique
421 594 456 624 et
477 587 627 623 aedilicii
646 599 654 623 :
683 587 780 623 inter
792 599 856 623 eos
876 587 947 623 Cn.
966 587 1166 624 Servilium
1183 587 1387 624 Geminum
1408 596 1446 625 et

171 638 224 673 Μ.
235 638 451 676 Minucium
460 647 672 681 numerant,
682 639 745 687 qui
756 638 932 687 magister
941 638 1109 687 equitum
1125 639 1245 688 priore
1259 652 1370 683 anno,
1381 641 1445 676 ali-

166 697 255 738 quot
271 691 356 727 ante
373 691 503 727 consul
521 690 641 727 fuerat
658 703 665 726 :
687 691 879 739 octoginta
893 699 1072 739 praeterea
1085 698 1149 728 aut
1160 698 1363 735 senatores,
1381 700 1445 729 aut

123 744 153 769 ¹0
167 741 228 789 qui
240 754 305 779 eos
317 743 554 791 magistratus
567 742 784 791 gessissent,
801 743 901 778 unde
919 743 955 778 in
973 750 1145 779 senatum
1162 743 1235 793 legi
1249 743 1442 791 deberent,

166 806 280 841 quum
301 794 370 831 sua
388 794 578 831 voluntate
597 794 734 830 milites
755 794 792 830 in
812 794 1024 843 legionibus
1044 795 1132 832 facti
1152 802 1288 832 essent.
1346 796 1444 844 Cap-

166 853 204 882 ta
222 858 267 883 eo
286 846 416 895 proelio
435 846 505 883 tria
524 846 640 882 millia
658 846 825 895 peditum
845 854 881 883 et
901 847 1045 895 equites
1074 847 1233 884 trecenti
1253 847 1441 884 dicuntur.

218 949 261 986 L.
305 949 402 986 Haec
430 958 487 987 est
514 962 641 998 pugna
669 949 897 993 Cannensis,
932 951 1093 987 Alliensi
1122 951 1220 988 cladi
1249 951 1441 988 nobilitate

164 1013 254 1049 par,·
302 1001 494 1045 caeterum,
529 1008 569 1038 ut
588 1001 673 1044 illis,
693 1013 776 1049 quae
798 1009 880 1049 post
908 1014 1072 1050 pugnam
1105 1003 1293 1048 accidere,
1313 1003 1440 1046 levior,

121 1058 152 1083 15
165 1054 251 1100 quia
270 1053 317 1089 ab
337 1053 442 1090 hoste
462 1059 650 1090 cessatum
670 1060 726 1089 est
742 1065 752 1096 3
782 1053 838 1089 sic
857 1060 980 1102 strage
999 1053 1192 1091 exercitus
1210 1055 1357 1103 gravior
1377 1055 1443 1090 soe-

165 1105 342 1154 diorque:
372 1105 461 1154 fuga
478 1117 640 1153 namque
661 1105 707 1141 ad
728 1105 881 1148 Alliam,
917 1106 1016 1142 sicut
1034 1105 1175 1142 Urbem
1195 1106 1370 1155 prodidit,
1392 1107 1443 1143 ita

165 1157 373 1194 exercitum
393 1157 577 1201 servavit3
606 1157 652 1193 ad
673 1157 827 1193 Cannas
847 1157 1054 1206 fugientem
1067 1158 1260 1194 consulem
1280 1158 1341 1195 vix
1360 1171 1442 1207 sep-

165 1209 336 1258 tuaginta
354 1209 473 1245 secuti
493 1215 605 1245 sunt:
646 1208 798 1245 alterius
819 1210 1011 1246 morientis
1039 1210 1151 1258 prope
1181 1217 1280 1246 totus
1298 1210 1441 1247 exerci-

165 1267 225 1296 tus
258 1260 338 1297 fuit.
393 1260 500 1297 Binis
529 1260 566 1297 in
587 1260 719 1297 castris
746 1273 860 1309 quum
893 1261 1094 1298 multitudo
1122 1261 1331 1298 semiermis
1358 1262 1440 1298 sine

121 1317 154 1342 2⁰
167 1312 326 1349 ducibus
353 1319 464 1359 esset,
502 1313 689 1358 nuntium,
719 1313 781 1361 qui
811 1313 849 1349 in
878 1313 1081 1362 majoribus
1108 1320 1228 1360 erant,
1257 1313 1439 1357 mittunt3

167 1364 294 1401 “dum
314 1364 456 1413 proelio,
477 1365 614 1401 deinde
635 1377 681 1401 ex
699 1364 827 1401 laetitia
843 1365 963 1413 epulis
979 1364 1150 1414 fatigatos
1165 1365 1272 1414 quies
1290 1372 1441 1402 noctur-

167 1422 191 1438 “
205 1428 255 1452 na
283 1417 408 1453 hostes
435 1423 633 1465 premeret,
654 1424 694 1453 ut
714 1417 759 1452 ad
780 1429 819 1452 se
840 1417 1040 1453 transirent
1058 1430 1065 1453 :
1103 1430 1178 1454 uno
1197 1417 1348 1466 agmine
1369 1417 1442 1453 Ca-

166 1468 354 1504 “nusium
389 1468 555 1505 abituros
587 1468 709 1504 esse.”
765 1468 860 1505 Eam
890 1469 1115 1505 sententiam
1145 1469 1206 1505 alii
1235 1476 1350 1506 totam
1379 1469 1442 1505 ad-

164 1519 356 1568 spernari:
401 1526 425 1543 ‘⁶
440 1520 519 1556 Cur
546 1520 648 1556 enim
668 1520 762 1567 illos,
791 1520 854 1568 qui
874 1533 913 1557 se
934 1528 1138 1567 arcessant,
1160 1521 1258 1569 ipsos
1285 1533 1362 1557 non
1382 1533 1441 1557 ve-

119 1575 152 1601 25
166 1578 190 1594 “
203 1572 297 1615 nire,
325 1584 441 1620 quum
461 1571 566 1621 aeque
589 1572 770 1621 conjungi
789 1579 940 1621 possent
958 1574 972 1608 t
1018 1573 1107 1621 quia
1137 1573 1311 1609 videlicet
1329 1572 1442 1621 plena

166 1623 365 1660 “hostium
393 1624 521 1661 omnia
549 1624 586 1660 in
617 1624 741 1661 medio
770 1631 922 1669 essent3
961 1633 999 1661 et
1019 1625 1188 1668 aliorum,
1218 1623 1330 1673 quam
1359 1636 1439 1667 sua,

166 1680 190 1697 ‘⁴
205 1687 360 1723 corpora
387 1682 490 1712 tanto
509 1676 677 1724 periculo
709 1676 863 1712 mallent
888 1676 1093 1725 objicere.'‘
1150 1677 1248 1713 Aliis
1267 1689 1342 1713 non
1364 1684 1440 1712 tam

165 1727 352 1763 sententia
371 1726 584 1776 displicere,
613 1726 725 1776 quam
755 1728 902 1764 animus
931 1729 1074 1764 deesse.
1130 1728 1172 1764 P.
1194 1728 1441 1776 Sempronius

166 1778 394 1825 Tuditanus,
416 1779 588 1815 tribunus
607 1779 780 1825 militum,
812 1785 836 1802 “
854 1779 947 1828 Capi
967 1792 1056 1828 ergo
1076 1779 1286 1825 mavultis,’'
1308 1779 1439 1827 inquit,

120 1831 252 1867 ³0“ab
279 1831 495 1868 avarissimo
522 1838 560 1867 et
587 1831 848 1868 crudelissimo
889 1832 1007 1875 hoste,
1038 1831 1287 1879 aestimarique
1316 1831 1442 1879 capita

167 1888 338 1926 “vesti-a,
366 1889 404 1920 et
431 1883 575 1930 exquiri
604 1883 722 1931 pretia
751 1883 797 1919 ab
818 1883 1148 1932 interrogantibus,
1170 1883 1370 1919 Romanus
1389 1883 1441 1918 ci-

166 1941 190 1956 “
204 1934 257 1971 vis
275 1934 336 1979 sis,
358 1947 406 1971 an
426 1934 584 1971 Latinus
604 1935 742 1983 socius,
758 1941 798 1971 ut
816 1947 863 1971 ex
889 1934 954 1971 tua
987 1935 1214 1971 contumelia
1235 1941 1272 1971 et
1291 1935 1439 1971 miseria

165 1987 309 2023 “alteri
339 1987 457 2024 honos
485 1988 701 2035 quaeratur?
758 1986 846 2023 Non
877 1993 943 2023 tu:
986 1987 1016 2023 si
1036 1987 1189 2035 quidem
1218 1986 1262 2023 L.
1293 1986 1440 2023 AEmilii

165 2044 190 2061 ‘⁴
203 2039 383 2085 consulis,
402 2038 465 2087 qui
495 2051 534 2075 se
563 2039 660 2075 bene
689 2039 795 2082 mori,
815 2039 927 2087 quam
946 2039 1102 2087 turpiter
1128 2039 1264 2084 vivere,
1295 2039 1438 2080 maluit,

119 2096 190 2121 35“
204 2098 241 2128 et
258 2097 313 2128 tot
333 2090 615 2128 fortissimorum
644 2091 820 2134 virorum,
850 2091 912 2138 qui
942 2091 1045 2127 circa
1072 2103 1159 2127 eum
1180 2090 1361 2127 cumulati
1386 2090 1441 2139 ja·

167 2147 303 2188 “cent‚
323 2142 425 2179 cives
453 2142 553 2179 estis.
610 2143 686 2179 Sed
716 2142 817 2189 ante,
846 2143 957 2190 quam
976 2142 1151 2191 opprimit
1178 2143 1254 2188 lux,
1284 2141 1441 2190 majora-

166 2199 274 2242 “que
295 2194 456 2230 hostium
477 2194 627 2242 agmina
645 2194 844 2243 obsepiunt
864 2195 944 2237 iter,
964 2207 1030 2243 per
1051 2195 1130 2241 hos,
1155 2194 1218 2242 qui
1239 2194 1439 2231 inordinati

167 2252 314 2294 “atque
343 2245 581 2293 incompositi
608 2246 828 2295 obstrepunt
855 2246 981 2295 portis,
1015 2259 1267 2295 erumpamus.
1323 2245 1441 2282 Ferro

168 2303 192 2320 ‘⁸
206 2305 317 2346 atque
337 2297 498 2334 audacia
517 2297 576 2334 via
594 2297 647 2344 fit,
665 2299 834 2346 quamvis
852 2311 918 2346 per
933 2298 1121 2335 confertos
1138 2298 1263 2335 hostes
1280 2311 1288 2333 ε
1317 2310 1441 2334 cuneo

121 2362 154 2388 ⁴0
169 2356 192 2372 “
205 2349 356 2398 quidem
378 2349 448 2385 hoc
468 2348 593 2386 laxum
614 2357 723 2399 atque
739 2351 901 2387 solutum
917 2363 1065 2399 agmen,
1087 2357 1127 2387 ut
1146 2350 1176 2386 si
1193 2350 1285 2387 nihil
1305 2350 1438 2393 obstet,

169 2400 461 2438 “transibimus.
535 2400 665 2449 Itaque
694 2402 743 2439 ite
772 2415 934 2447 mecum,
967 2402 1030 2451 qui
1066 2409 1104 2439 et
1132 2402 1376 2450 vosmetipsos
1404 2406 1442 2435 et

171 2460 193 2479 ‘⁴
207 2453 479 2502 rempublicam
507 2452 644 2490 salvam
674 2453 825 2492 vultis.”
881 2454 977 2491 Haec
998 2454 1061 2491 ubi
1077 2455 1179 2491 dicta
1198 2454 1311 2499 dedit,
1333 2451 1441 2488 strin-
