1638 2765
626 170 765 202 LIBER
788 170 815 200 Ι.
842 178 923 201 cm».
942 180 1025 201 1111.
1416 171 1465 207 15

178 281 265 306 arce
284 268 566 310 decucurrerat,
586 273 624 302 et
642 266 782 302 effusos
801 272 931 315 egerat
950 265 1160 311 Romanos,
1179 271 1257 301 toto
1280 272 1463 312 quantum

178 322 256 358 soro
274 321 435 369 spatium
455 326 536 356 est:
566 331 639 355 nec
658 318 790 367 procul
806 320 885 367 jam
905 331 927 354 a
944 318 1052 366 porta
1072 317 1205 353 Palatii
1225 324 1315 362 erat,
1333 318 1464 354 clami-

176 381 273 419 tans,
314 379 338 395 ‘⁶
356 372 530 409 Vicimus
561 372 724 420 perfidos
752 371 930 419 hospites,
965 370 1137 406 imbelles
1169 370 1307 406 hostes.
1374 371 1462 407 Jam

177 432 202 448 ‘⁴
217 425 354 470 sciunt,
386 423 500 473 longe
535 424 636 460 aliud
667 436 750 460 esse
780 423 945 472 virgines
977 435 1122 471 rapere,
1159 421 1261 458 aliud
1293 434 1462 471 pugnare

146 487 163 513 5
177 479 199 496 “
216 489 304 514 cum
324 477 451 514 viris.'’
509 476 555 512 In
588 489 689 523 eum,
711 477 792 512 haec
811 476 1049 524 gloriantem,
1070 488 1157 512 cum
1177 474 1289 523 globo
1309 474 1461 512 ferocis-

175 529 354 566 simorum
379 529 563 578 juvenum
583 529 773 566 Romulus
805 529 987 577 impetum
1007 528 1109 564 facit.
1166 527 1226 564 Ex
1253 540 1349 575 equo
1382 538 1462 564 tum

175 581 269 618 sorte
302 582 448 619 Mettus
479 582 694 631 pugnabat:
723 580 769 617 eo
798 581 885 630 pelli
915 581 1064 617 facilius
1092 580 1183 617 fuit:
1212 580 1362 628 pulsum
1384 580 1463 617 Ro-

175 634 278 671 mani
309 642 606 683 persequuntur:
640 643 677 671 et
706 634 779 670 alia
810 634 989 670 Romana
1021 633 1134 679 acies,
1169 632 1330 669 audacia
1362 633 1462 681 regis

175 699 352 729 accensa,
374 687 498 732 fundit
518 687 692 724 Sabinos.
750 686 894 723 Mettus
914 686 952 722 in
981 686 1158 736 paludem
1188 698 1285 732 sese,
1305 686 1461 734 strepitu

134 748 162 773 ιο
175 740 414 787 sequentium
432 740 643 788 trepidante
663 752 772 788 equo,
793 739 958 788 conjecit
975 752 982 776 :
1013 739 1298 787 adverteretque
1327 751 1374 774 ea
1401 751 1462 775 res

175 792 290 828 etiam
310 792 472 829 Sabinos
503 792 597 828 tanti
630 792 798 841 periculo
816 792 897 828 viri.
954 792 1004 828 Et
1023 791 1083 828 ille
1103 791 1270 840 quidem,
1291 804 1462 827 annuen-

175 844 276 880 tibus
295 857 340 881 ac
358 845 580 881 vocantibus
599 845 690 891 suis,
704 844 827 880 favore
848 844 1049 881 multorum
1070 844 1197 881 addito
1217 844 1357 887 animo,
1377 856 1462 880 eva-

175 896 241 933 dit.
300 897 466 934 Romani
487 897 694 944 Sabinique
714 897 752 932 in
773 897 899 933 media
915 896 1085 933 convalle
1101 897 1260 933 duorum
1275 897 1460 933 montium

174 948 436 998 redintegrant
453 949 627 998 proelium
645 962 653 985 :
682 949 748 985 sed
769 961 828 985 res
849 949 1026 985 Romana
1044 956 1125 986 erat
1145 949 1326 998 superior.

68 624 90 647 Ο

132 1066 162 1095 15
226 1053 344 1091 XIII.
373 1054 478 1091 Tum
500 1055 652 1092 Sabinae
672 1054 862 1101 mulieres,
882 1067 1042 1104 quarum
1071 1067 1118 1091 ex
1148 1054 1285 1104 injuria
1318 1054 1458 1092 bellum

172 1114 296 1143 ortum
315 1114 407 1154 erat,
427 1107 597 1144 crinibus
615 1108 734 1157 passis
762 1108 956 1156 scissaque
986 1115 1100 1154 veste,
1122 1107 1220 1144 victo
1252 1107 1361 1144 malis
1380 1121 1460 1144 mu-

173 1159 281 1196 liebri
301 1173 451 1209 pavore,
473 1173 573 1197 ausae
593 1173 632 1197 se
658 1161 756 1197 inter
784 1160 859 1197 tela
888 1161 1053 1197 volantia
1081 1160 1232 1206 inferre,
1261 1173 1309 1197 ex
1340 1167 1460 1197 trans-

173 1224 280 1249 verso
299 1213 442 1262 impetu
470 1213 582 1256 facto,
612 1213 789 1250 dirimere
822 1213 977 1250 infestas
1009 1213 1123 1259 acies,
1154 1213 1330 1250 dirimere
1363 1213 1457 1258 iras3

174 1264 264 1301 hinc
283 1272 420 1314 patres,
441 1266 531 1302 hinc
563 1266 660 1302 viros
691 1272 855 1313 orantes,
887 1266 989 1303 “Ne
1019 1278 1059 1302 se
1088 1266 1274 1315 sanguine
1294 1266 1459 1303 nefando

129 1320 184 1352 20‘
188 1318 335 1354 soceri
359 1319 567 1367 generique
598 1326 883 1367 respergerent:
914 1331 962 1355 ne
990 1318 1194 1367 parricidio
1223 1319 1459 1355 macularent

175 1372 343 1419 “partus
361 1383 460 1416 suos,
481 1378 659 1429 nepotum
680 1371 746 1412 illi,
767 1371 925 1407 liberum
945 1371 983 1408 hi
1002 1371 1234 1429 progeniem.
1283 1371 1323 1407 Si
1340 1371 1459 1408 affini-

175 1423 302 1460 “tatis
321 1423 418 1459 inter
437 1435 511 1468 vos,
532 1424 564 1460 si
595 1423 777 1460 connubii
809 1423 925 1472 piget,
945 1423 984 1460 in
1016 1436 1085 1460 nos
1113 1423 1245 1460 vertite
1264 1423 1360 1460 iras:
1389 1437 1458 1461 nos

175 1481 332 1512 “causa
360 1475 461 1521 belli,
481 1488 550 1512 nos
569 1475 768 1511 vulnerum
800 1487 846 1511 ac
874 1475 1037 1512 caedium
1066 1475 1154 1512 viris
1173 1488 1219 1512 ac
1238 1476 1458 1524 parentibus

175 1534 199 1551 ‘⁴
215 1540 366 1565 sumus:
386 1506 520 1564 melius
534 1527 753 1577 peribimus,
770 1540 883 1576 quam
905 1528 986 1564 sine
1007 1528 1133 1564 alteris
1153 1529 1314 1565 vestrum
1335 1529 1458 1565 viduae

127 1586 199 1615 25“
215 1587 280 1617 aut
306 1580 406 1618 orbae
434 1580 642 1617 vivemus.'’
699 1580 829 1617 Movet
849 1588 919 1617 'res
947 1588 1027 1617 tum
1059 1580 1355 1628 multitudinem,
1378 1589 1457 1619 tum

173 1633 303 1670 duces.
360 1633 564 1670 Silentium
583 1640 620 1670 et
641 1633 838 1682 repentina
857 1633 897 1670 fit
916 1634 1047 1682 quies:
1077 1633 1166 1670 inde
1199 1634 1246 1670 ad
1266 1633 1388 1671 foedus
1407 1634 1458 1671 fa-

128 1713 153 1729 ,Ω
127 1685 354 1722 ‘''ciendum
373 1686 492 1727 duces
511 1686 719 1734 prodeunt:
749 1699 822 1722 nec
850 1699 983 1735 pacem
1013 1685 1139 1733 modo,
1165 1687 1231 1723 sed
1263 1694 1302 1723 et
1329 1687 1458 1724 civita-

129 1746 153 1781 ’ξ
173 1747 248 1776 tem
277 1751 393 1775 unam
422 1751 469 1775 ex
497 1739 645 1775 duabus
677 1738 844 1775 faciunt:
873 1751 1034 1788 regnum
1066 1739 1312 1784 consociant;
1342 1740 1458 1789 impe-

135 1785 269 1844 }rium
304 1804 418 1828 omne
454 1791 656 1828 conferunt
691 1791 868 1828 Romam
915 1770 1002 1828 elta
1036 1792 1230 1841 geminata
1276 1792 1379 1837 urbe,
1418 1803 1458 1829 ut

136 1826 327 1880 Sabinis
345 1850 472 1880 tamen
493 1843 634 1893 aliquid
653 1844 818 1887 daretur,
837 1844 1012 1883 Quirites
1032 1857 1054 1881 a
1072 1844 1239 1889 Curibus
1268 1845 1456 1894 appellati.

128 1890 469 1946 -Monumentum
488 1897 570 1946 ejus
589 1909 738 1955 pssgnae,
759 1896 823 1933 ubi
842 1896 1002 1956 primum
1023 1910 1070 1934 ex
1088 1897 1275 1946 profunda
1287 1910 1457 1934 emersus

127 1961 162 2003 Ξ
173 1949 310 1998 palude
328 1962 447 1998 equus
475 1949 651 1986 Curtium
681 1950 719 1986 in
752 1949 847 1986 vado
876 1950 1017 1994 statuit,
1039 1950 1214 1987 Curtium
1243 1950 1369 1987 lacum
1395 1964 1458 2000 ap-

127 1993 372 2050 ²pellarunt.
429 2002 490 2039 Ex
523 2002 621 2039 bello
649 2010 725 2039 tam
755 2002 851 2039 tristi
879 2002 965 2040 laeta
993 2002 1149 2052 repente
1185 2015 1261 2052 pax
1293 2003 1458 2040 cariores

174 2054 336 2092 Sabinas
355 2055 443 2092 viris
462 2067 506 2092 ac
525 2055 757 2104 parentibus,
770 2063 808 2092 et
827 2062 913 2092 ante
928 2068 1061 2092 ornnes
1076 2056 1267 2092 Romulo
1259 2056 1340 2105 ipsi,
1355 2056 1455 2093 fecit.

129 2106 319 2156 351taque‚
338 2120 452 2166 quum
472 2107 652 2157 populum
681 2108 720 2144 in
745 2108 871 2145 curias
899 2108 1054 2157 triginta
1085 2108 1282 2152 divideret,
1303 2109 1458 2145 nomina

174 2171 302 2196 earum
322 2160 438 2197 curiis
457 2160 645 2210 imposuit.
703 2160 748 2197 Id
768 2173 844 2198 non
863 2161 1034 2204 traditur,
1057 2160 1190 2209 (quum
1214 2162 1315 2198 haud
1340 2162 1457 2204 dubie

175 2211 366 2260 aliquanto
399 2225 580 2249 numerus
615 2213 732 2262 major
760 2214 833 2250 hoc
861 2214 1060 2250 mulierum
1091 2214 1222 2272 fuerit)
1253 2221 1376 2258 aetate,
1407 2227 1453 2250 an

176 2263 423 2312 dignitatibus
441 2266 518 2302 suis
537 2266 760 2312 virorumve,
781 2279 828 2303 an
848 2274 950 2304 sorte
966 2266 1074 2313 lectae
1093 2266 1181 2310 sint,
1201 2279 1284 2315 quae
1304 2267 1458 2303 nomina

175 2316 291 2352 curiis
319 2317 462 2355 darent.
531 2318 677 2355 Eodem
707 2325 874 2368 tempore
903 2326 941 2356 et
972 2319 1154 2356 centuriae
1182 2327 1257 2356 tres
1287 2320 1456 2369 equitum

131 2378 163 2403 40
176 2368 399 2417 conscriptae
434 2378 542 2407 sunt:
585 2371 828 2408 Ramnenses
856 2372 903 2408 ab
932 2372 1110 2418 Romulo,
1140 2372 1188 2408 ab
1223 2371 1315 2409 Tito
1343 2371 1458 2408 Tatio

175 2419 371 2457 Titienses
390 2423 588 2470 appellati:
617 2424 810 2461 Lucerum
830 2425 994 2462 nominis
1013 2433 1051 2462 et
1074 2425 1232 2474 originis
1260 2437 1375 2460 causa
1404 2424 1458 2459 in-

175 2481 279 2510 certa
297 2481 363 2510 est.
421 2474 516 2511 Inde
546 2488 620 2512 non
651 2475 762 2513 modo
791 2490 1007 2522 commune,
1041 2478 1107 2514 sed
1140 2489 1299 2514 concors
1328 2476 1456 2517 etiam.

175 2537 332 2575 regnum
353 2527 499 2564 duobus
518 2528 669 2578 regibus
689 2528 769 2565 suit.
