1617 2765
125 167 205 205 206
401 164 494 197 ⁷r1T1
517 164 629 196 L1V11
653 165 790 196 LissssR
813 165 926 196 xxn.
962 174 1042 197 eff.
1059 175 1129 198 m.

127 272 269 309 vusque
289 273 400 309 super
420 267 582 297 veterem
605 260 728 298 luctus
747 267 800 297 tot
816 260 965 309 jactura
998 260 1136 297 civium
1164 260 1333 310 adjectus
1352 272 1409 297 es<

127 320 197 360 set,
231 325 318 349 cum
353 313 501 362 magnis
531 313 680 350 fletibus
710 313 979 361 questibusque
1008 313 1152 362 legatos
1189 313 1236 349 ad
1264 319 1410 362 portam

128 365 316 415 prosecuti
337 372 435 402 sunt.
492 365 601 402 Unus
621 378 667 401 ex
687 365 732 401 iis
751 365 904 402 domum
926 365 1030 411 abiit,
1050 365 1150 414 quod
1171 365 1294 401 fallaci
1314 364 1411 401 redi-

129 425 167 454 tu
189 417 226 454 in
247 425 370 455 castra
385 417 629 466 jurejurando
647 430 687 454 se
707 417 936 454 exsolvisset.
991 417 1108 457 Quod
1143 417 1207 455 ubi
1233 417 1410 459 innotuit,

130 469 363 518 relatumque
383 470 429 505 ad
449 478 622 506 senatum
643 477 712 516 est,
731 482 863 506 omnes
892 476 1136 514 censuerunt,
1163 470 1441 518 comprehen-5

129 522 296 558 dendum
315 529 353 558 et
372 522 592 558 custodibus
610 522 762 570 publice
784 522 881 558 datis
900 522 1167 559 deducendum
1195 522 1242 558 ad
1263 521 1412 558 Hanni-

129 574 252 611 balem
286 587 380 611 esse.
436 574 506 610 Est
541 580 579 610 et
608 574 680 610 alia
708 574 755 610 de
785 574 942 622 captivis
976 574 1087 618 fama,
1118 575 1252 611 decem
1273 574 1413 623 primos

129 627 300 663 venisse:
329 627 376 662 de
395 626 450 662 eis
469 638 581 674 quum
603 626 814 662 dubitatum
835 627 873 663 in
890 633 1022 663 senatu
1039 633 1151 674 esset,
1167 626 1413 663 admitteren-

129 685 188 715 tur
208 679 245 715 in
268 678 412 721 urbem,
434 690 578 722 necne;
610 678 661 714 ita
680 678 862 714 admissos
881 691 977 721 esse,
1008 691 1056 715 ne
1088 686 1215 716 tamen
1236 679 1282 715 iis
1304 692 1412 716 sena-

130 738 190 767 tus
210 732 372 767 daretur.
430 730 672 767 Morantibus
692 730 830 766 deinde
850 730 997 779 longius
1029 731 1198 768 omnium
1219 744 1297 780 spe,
1319 732 1411 769 alios
1428 738 1457 762 10

130 790 205 819 tres
225 784 378 831 insuper
397 782 540 831 legatos
560 782 722 825 venisse,
743 781 786 818 L.
809 782 1067 828 Scribonium,
1087 790 1125 819 et
1144 783 1190 819 C.
1211 783 1412 831 Calpurni-

132 847 210 878 um,
231 842 268 871 et
289 835 330 871 L.
353 834 539 871 Manlium
557 847 566 870 ι
596 841 674 870 tum
695 835 848 870 demum
868 834 915 870 ab
944 842 1106 883 cognato
1141 835 1329 872 Scribonii
1348 836 1413 873 tri-

131 887 232 924 buno
251 887 370 936 plebis
389 887 436 923 de
455 887 686 923 redimendis
705 887 863 936 captivis
893 886 1050 923 relatum
1070 899 1165 933 esse,
1185 899 1258 924 nec
1277 900 1413 924 censu-

131 939 204 976 isse
223 939 465 976 redimendos
484 946 656 975 senatum
675 952 682 976 :
729 947 766 976 et
793 952 908 976 novos
940 939 1083 988 legatos
1102 947 1177 976 tres
1197 940 1244 976 ad
1265 940 1413 977 Hanni-

131 992 254 1028 balem
275 991 484 1037 revertisse,
505 992 638 1028 decem
659 998 803 1028 veteres
823 992 1048 1028 remansisse
1065 1004 1076 1036 3
1104 991 1217 1040 quod,
1231 1003 1303 1041 ’per
1323 1005 1413 1029 cau·
1429 1003 1458 1027 15

132 1057 210 1080 sam
233 1044 532 1093 recognoscendi
552 1044 708 1080 nomina
740 1044 972 1093 captivorum
1002 1044 1049 1080 ad
1084 1044 1341 1081 Hannibalem
1366 1058 1413 1082 ex

133 1096 267 1133 itinere
287 1096 461 1154 regressi,
482 1096 664 1145 religione
685 1109 768 1132 sese
787 1096 1056 1132 exsolvissent·
1097 1097 1171 1133 de
1163 1097 1208 1133 ris
1228 1097 1413 1134 dedendis

132 1160 271 1197 magna
291 1149 535 1185 contentione
557 1156 681 1184 actum
704 1149 742 1184 in
763 1156 897 1185 senatu
917 1161 1025 1184 esse·
1017 1176 1027 1192 ,
1069 1149 1262 1197 victosque
1281 1151 1412 1197 paucis

132 1200 343 1246 sententiis,
360 1200 423 1248 qui
443 1200 637 1236 dedendos
657 1200 901 1236 censuerint:
931 1199 1109 1236 caeterum
1124 1201 1302 1248 proximis
1326 1214 1414 1238 cen-

132 1253 278 1290 soribus
298 1231 394 1289 adeo
413 1252 589 1290 omnibus
609 1253 707 1289 notis
728 1252 1020 1301 ignominiisque
1040 1252 1235 1289 confectos
1254 1266 1350 1296 esse,
1371 1262 1412 1290 ut
1427 1267 1460 1291 ρο

131 1306 282 1354 quidam
297 1317 426 1342 eorum
440 1312 596 1342 mortem
610 1305 763 1353 sibiipsi
778 1305 968 1353 extemplo
985 1305 1238 1342 consciverint
1255 1318 1264 1349 3
1285 1306 1412 1343 caeteri

131 1371 205 1395 non
228 1357 305 1395 foro
321 1358 445 1394 solum
465 1357 568 1394 omni
588 1357 726 1393 deinde
746 1357 830 1402 vita,
852 1358 918 1393 sed
938 1357 1051 1406 prope
1079 1357 1163 1394 luce
1184 1370 1228 1394 ac
1248 1358 1414 1406 publico,

131 1411 335 1448 caruerint.
358 1411 486 1447 Mirari
502 1410 633 1459 magis,
649 1409 743 1446 adeo
756 1409 971 1458 discrepare
984 1409 1080 1446 inter
1089 1417 1273 1456 auctoreS,
1291 1411 1415 1459 quam,

131 1463 220 1512 quid
238 1463 313 1499 veri
328 1463 387 1506 sit,
401 1463 618 1499 discernere
629 1475 756 1511 queaS.
785 1461 944 1501 Quanto
958 1470 1082 1498 autem
1100 1462 1216 1511 major
1231 1475 1276 1499 ea
1285 1463 1415 1499 clades

133 1515 388 1564 superioribus
414 1515 586 1551 cladibus
602 1515 726 1557 fuerit,
747 1514 803 1550 vel
824 1527 870 1550 ea
888 1527 947 1550 res
967 1514 1110 1551 indicio
1129 1522 1197 1558 est,
1218 1513 1330 1563 quod,
1350 1515 1413 1564 qui
1427 1529 1460 1553 25

131 1568 317 1604 sociorum
339 1567 384 1603 ad
404 1580 487 1603 eam
508 1567 608 1603 diem
629 1567 724 1603 firmi
745 1573 938 1613 steterant,
957 1573 1037 1603 turn
1057 1566 1183 1603 labare
1203 1574 1412 1615 coeperunt,

131 1620 234 1656 nulla
249 1618 414 1669 profect&
427 1620 500 1656 alia
513 1620 560 1656 de
575 1632 628 1666 re,
641 1620 752 1667 quarn
766 1618 864 1667 quod
881 1619 1171 1667 desperaverant
1182 1619 1229 1655 de
1245 1619 1414 1667 imperio.

134 1671 322 1709 Defecere
356 1679 482 1708 autem
515 1672 562 1708 ad
589 1672 725 1708 Poenos
758 1671 794 1708 hi
825 1671 952 1720 populi
970 1684 978 1707 :
1035 1671 1216 1714 Atellani,
1238 1671 1414 1715 Calatini,

133 1724 298 1773 Hirpini,
322 1724 532 1772 Apulorum
560 1737 658 1772 pars,
693 1723 884 1760 Samnites
914 1730 1047 1771 praeter
1079 1723 1246 1769 Pentros,
1279 1723 1415 1761 Bruttii

132 1789 276 1823 omnes,
298 1776 446 1813 Lucani
464 1789 472 1813 :
502 1783 636 1825 praeter
657 1776 724 1812 hos
744 1775 972 1818 Surrentini,
999 1783 1037 1812 et
1055 1776 1274 1813 Graecorum
1293 1776 1461 1814 omnisao

134 1829 251 1867 ferme
271 1842 349 1872 ora,
371 1828 587 1872 Tarentini,
608 1828 876 1877 Metapontini,
911 1828 1194 1871 Crotonienses,
1214 1827 1415 1876 Locrique,

131 1889 170 1918 et
189 1881 372 1929 Cisalpini
391 1894 524 1918 omnes
543 1881 654 1918 Galli.
712 1881 798 1917 Nec
830 1888 957 1916 tamen
990 1881 1048 1916 11ae
1080 1880 1207 1916 clades
1235 1879 1416 1916 defectio-

131 1945 274 1981 nesque
307 1933 494 1970 sociorum
525 1939 734 1978 moverunt,
767 1940 808 1968 ut
826 1932 932 1980 pacis
960 1944 1125 1979 unquam
1155 1932 1298 1968 mentio
1317 1932 1415 1981 apud

133 1986 329 2023 Romanos
359 1985 486 2029 fieret3
530 1997 652 2032 neque
683 1991 770 2020 ante
799 1983 966 2020 consulis
996 1983 1160 2020 Romam
1197 1984 1414 2027 adventum,

133 2051 206 2074 nec
225 2045 420 2086 postquam
442 2037 472 2073 is
491 2037 614 2079 rediit,
636 2035 900 2083 renovavitque
921 2036 1140 2072 memoriam
1161 2044 1327 2084 acceptae
1341 2036 1416 2072 cla·
1429 2050 1461 2074 35

133 2091 191 2126 dis
208 2103 218 2126 ι
247 2103 320 2138 quo
340 2090 377 2126 in
398 2097 566 2138 tempore
587 2089 667 2137 ipso
687 2086 782 2124 adeo
815 2099 953 2136 magno
973 2088 1099 2125 animo
1119 2088 1251 2124 civitas
1271 2088 1355 2135 fuit,
1375 2096 1416 2125 ut

132 2143 291 2187 consuli,
312 2155 359 2179 ex
379 2142 483 2178 tanta⁴
503 2141 624 2187 clade,
645 2140 754 2189 cujus
773 2140 852 2188 ipse
873 2152 988 2176 causa
1014 2140 1179 2176 maxima
1197 2140 1339 2187 fuisset,
1359 2153 1415 2177 re-

133 2194 279 2240 deunti,
299 2202 337 2231 et
354 2194 503 2231 obviam
523 2193 617 2230 itum
638 2193 851 2241 frequenter
871 2192 918 2228 ab
943 2192 1119 2229 omnibus
1137 2192 1333 2230 ordinibus
1351 2193 1414 2239 sit,

133 2253 172 2283 et
190 2247 320 2295 gratiae
341 2254 450 2294 actae,
468 2244 570 2295 quod
590 2246 637 2282 de
656 2244 853 2293 republica
884 2257 960 2280 non
981 2245 1242 2294 desperasset:
1285 2245 1364 2290 cui,
1383 2245 1414 2282 si

135 2298 510 2348 Carthaginiensium
530 2299 664 2335 ductor
684 2297 828 2344 fuisset,
855 2296 948 2333 nihil
969 2298 1222 2334 recusandum
1241 2297 1414 2347 supplicii
1427 2310 1458 2335 40

135 2350 240 2388 foret.
