1617 2765
550 164 686 195 LIBER
708 163 818 194 XXX.
865 173 945 195 cAP.
963 174 1069 195 xmxr.
1385 168 1465 206 247

182 265 292 308 “que
310 259 544 303 lacessierit3
574 266 612 295 et
630 257 728 307 quod
750 258 874 295 hostes
895 258 1043 295 auxiliis
1073 266 1110 295 et
1130 259 1294 308 pecunia
1315 262 1462 309 juverit.

182 318 206 335 ‘⁶
220 311 270 348 Et
290 312 332 349 Ρ.
353 312 571 360 Scipionem
591 310 692 347 recte
712 318 823 358 atque
841 311 973 347 ordine
994 311 1110 347 videri
1144 311 1278 347 fecisse
1309 320 1346 349 et
1366 313 1465 351 face-

182 370 207 386 “
220 376 273 407 re,
293 363 392 412 quod
412 376 490 410 eos,
510 363 571 411 qui
593 375 696 399 arma
715 370 846 399 contra
865 362 1043 411 populum
1066 363 1284 401 Romanum
1303 364 1464 403 ferentes

182 421 207 438 ‘⁶
221 416 321 464 capti
362 424 463 462 sunt,
506 415 668 451 hostium
713 427 870 451 numero
916 415 953 450 in
1000 415 1161 452 vinculis
1206 415 1343 452 habeat
1364 429 1372 451 ε
1428 425 1465 455 et

151 473 206 505 5“
224 468 280 504 M.
302 467 500 504 Aurelium
529 479 551 503 e
582 479 622 503 re
654 467 808 515 publica
828 467 966 512 facere,
995 474 1219 516 gratumque
1249 467 1286 504 id
1316 470 1463 507 senatui

182 518 432 569 “essequod
453 519 576 556 socios
596 519 729 587 populi
744 519 924 566 Romani,
944 520 1095 567 quando
1111 520 1195 568 jure
1216 520 1368 556 foederis
1388 534 1463 559 non

181 577 354 620 “posset,
393 571 505 608 armis
541 571 716 607 tueatur-³
805 570 902 607 Cum
937 572 1008 608 hoc
1045 579 1120 608 tam
1158 572 1253 608 tristi
1286 585 1465 621 responso

179 623 344 660 dimissis
365 623 656 666 Macedonibus,
678 623 791 672 legati
822 623 1157 673 Carthaginienses
1187 625 1334 661 vocati.
1377 638 1465 674 quo-

178 688 262 712 rum
282 676 454 712 aetatibus
472 676 794 725 dignitatibusque
831 676 1045 724 conspectis
1077 676 1183 726 (nam
1213 676 1326 726 longe
1354 679 1464 726 primi

134 730 165 754 1⁰
179 728 341 764 civitatis
360 729 499 779 erant),
519 735 599 765 tum
618 741 684 777 pro
704 741 743 764 se
763 728 918 776 quisque
939 729 1079 776 dicere,
1100 730 1187 766 vere
1209 730 1255 766 de
1276 742 1369 778 pace
1390 731 1463 780 agi.

179 779 347 830 Insignis
366 787 493 817 tamen
513 781 610 817 inter
631 787 787 817 caeteros
803 781 1018 817 Hasdrubal
1032 788 1124 824 erat,
1144 781 1328 831 (Haedum
1349 796 1464 832 popu-

178 832 275 869 lares
294 833 521 882 cognomine
542 833 798 883 appellabant)
820 833 924 882 pacis
943 846 1090 883 semper
1107 841 1250 881 auctor,
1271 835 1465 872 adversus-

177 897 250 932 que
284 885 437 922 factioni
475 885 660 922 Barcinae.
717 884 775 922 Εό
808 893 887 922 tum
921 886 1004 934 plus
1037 886 1089 923 illi
1119 887 1351 923 auctoritatis
1381 888 1462 936 fuit,

179 937 266 973 belli
286 937 465 995 culpam'
457 950 495 973 m
525 950 731 999 paucorum
759 938 1004 986 cupiditatem
1034 951 1055 974 a
1084 939 1279 987 republica
1307 940 1464 977 transfe-

134 999 165 1024 15
178 988 300 1025 renti·
330 989 392 1037 qui
414 1002 528 1037 quum
559 989 661 1025 varia
680 989 849 1026 oratione
879 1002 968 1025 usus
1000 997 1111 1037 esset,
1142 1003 1246 1027 nunc
1266 992 1463 1040 purgando

177 1040 351 1086 crimina,
373 1054 477 1078 nunc
511 1041 684 1100 quaedam
716 1041 881 1085 fatendo,
919 1054 968 1078 ne
997 1042 1236 1091 impudenter
1265 1051 1369 1080 certa
1397 1056 1462 1081 ne-

177 1093 354 1142 gantibus
374 1093 560 1130 difficilior
581 1093 690 1130 venia
710 1102 824 1142 esset,
841 1107 946 1130 nunc
980 1095 1168 1132 monendo
1197 1096 1311 1132 etiam
1333 1096 1462 1134 Patres

177 1146 410 1194 conscriptos
430 1152 470 1182 ut
488 1146 602 1182 rebus
619 1146 799 1182 secundis
819 1145 988 1183 modeste
1023 1159 1068 1183 ac
1097 1147 1291 1184 moderate
1315 1156 1463 1185 uteren-

177 1206 258 1234 tur:
307 1204 331 1221 “
349 1198 390 1234 Si
419 1211 459 1234 se
489 1205 598 1246 atque
630 1198 860 1235 Hannonem
892 1199 1086 1236 audissent
1113 1199 1460 1249 Carthaginienses,

132 1259 164 1284 20
179 1256 203 1273 “
216 1257 254 1287 et
273 1257 439 1299 tempore
455 1251 509 1287 uti
530 1250 747 1293 voluissent,
782 1251 933 1287 daturos
953 1251 1067 1287 fuisse
1087 1252 1192 1300 pacis
1211 1253 1461 1301 conditiones,

178 1308 307 1351 “quas
326 1309 418 1339 tunc
437 1310 619 1352 peterent.
676 1302 782 1339 Raro
803 1303 912 1339 simul
944 1303 1159 1340 hominibus
1190 1304 1326 1341 bonam
1348 1304 1461 1342 fortu-

178 1360 203 1378 “
217 1368 305 1391 nam
325 1355 536 1404 bonamque
557 1362 724 1392 mentem
744 1355 836 1392 dari.
894 1355 1078 1404 Populum
1099 1356 1321 1393 Romanum
1341 1356 1386 1393 eo
1405 1357 1462 1394 in·

177 1408 356 1444 “victum
375 1420 469 1454 esse,
490 1406 588 1456 quad
619 1408 656 1444 in
690 1408 869 1444 secundis
898 1408 1010 1444 rebus
1043 1421 1173 1457 sapere
1206 1416 1243 1445 et
1262 1409 1460 1447 consulere

177 1460 450 1496 “meminerit:
489 1467 526 1496 et
548 1459 736 1508 (Hercule
751 1459 779 1511 l)
801 1460 1014 1497 mirandum
1036 1460 1164 1508 fuisse,
1184 1461 1217 1497 si
1237 1462 1343 1498 aliter
1363 1462 1461 1499 face-

129 1519 162 1545 25
177 1517 201 1534 ‘⁸
214 1519 307 1548 rent.
363 1511 423 1548 Ex
443 1512 657 1558 insolentia,
677 1512 814 1560 quibus
834 1525 930 1549 nova
958 1513 1057 1549 bona
1076 1512 1225 1550 fortuna
1253 1514 1310 1560 sit,
1345 1514 1461 1563 impo-

174 1565 335 1600 “tentes
354 1564 493 1601 laetitiae
512 1564 689 1601 insanire.
747 1564 889 1613 Populo
909 1564 1088 1602 Romano
1120 1565 1258 1602 usitata
1277 1579 1322 1603 ac
1341 1566 1459 1615 prope

176 1616 288 1665 “jam
308 1616 476 1653 obsoleta
493 1629 541 1653 ex
564 1617 717 1654 victoria
737 1618 876 1666 gaudia
894 1629 990 1664 esse,
1023 1617 1111 1667 plus
1139 1631 1247 1666 paene
1267 1619 1459 1668 parcendo

177 1675 201 1692 ‘⁶
216 1668 335 1715 victis,
369 1669 480 1717 quam
513 1669 714 1712 vincendo,
748 1670 947 1718 imperium
980 1670 1170 1706 auxisse.”
1227 1671 1459 1708 Caeterorum

174 1721 421 1758 miserabilior
461 1721 579 1758 oratio
617 1721 698 1765 fuit,
742 1723 1133 1769 commemorantium,
1178 1729 1201 1745 “
1222 1723 1280 1760 Ex
1308 1723 1458 1771 quantis

130 1773 348 1822 ³o“opibus
379 1772 452 1821 quo
479 1773 704 1810 recidissent
732 1774 1105 1823 Carthaginiensium
1134 1787 1219 1811 res:
1263 1775 1356 1812 nihil
1390 1776 1457 1820 eis,

176 1826 277 1874 “qui
299 1825 408 1862 mod&
427 1826 557 1862 orbem
576 1826 689 1875 prope
710 1833 891 1863 terrarum
912 1827 1165 1864 obtinuissent
1184 1828 1310 1874 armis,
1330 1840 1458 1876 super-

176 1884 200 1901 ‘⁴
213 1890 308 1922 esse,
331 1885 465 1927 praeter
485 1879 728 1927 Carthaginis
748 1879 899 1915 moenia.
956 1879 1008 1915 Iis
1038 1879 1217 1923 inclusos,
1249 1892 1324 1916 non
1344 1880 1456 1924 terra,

175 1936 199 1953 “
213 1943 288 1967 non
324 1931 428 1977 mari,
458 1931 661 1979 quidquam
694 1931 752 1967 sui
786 1931 880 1980 juris
914 1944 1082 1968 cernere.
1139 1931 1280 1968 Urbem
1310 1945 1457 1981 quoque

175 1982 331 2031 “ipsam
351 1995 396 2020 ac
414 1990 570 2032 penates
590 1983 642 2019 ita
660 1983 866 2027 habituros,
901 1983 931 2020 si
965 1996 1040 2020 non
1062 1984 1099 2020 in
1130 1997 1175 2021 ea
1207 1997 1364 2033 quoque,
1385 1997 1459 2033 quo

129 2035 162 2061 35
176 2035 306 2071 “nihil
327 2035 482 2072 ulterius
502 2036 560 2078 sit,
582 2035 711 2072 saevire
738 2036 898 2084 populus
917 2036 1116 2073 Romanus
1141 2036 1268 2073 velit.”
1322 2036 1457 2076 Quum

174 2087 275 2124 flecti
296 2087 553 2124 misericordia
573 2088 702 2124 Patres
722 2095 931 2137 appareret,
962 2095 1176 2126 senatorum
1198 2101 1316 2126 unum
1345 2089 1459 2126 infes-

174 2146 252 2176 tum
275 2139 441 2188 perfidiae
470 2140 844 2190 Carthaginiensium
873 2141 1147 2178 succlamassse
1177 2141 1313 2185 ferunt,
1345 2142 1457 2179 “Per

175 2198 305 2240 “quos
324 2191 427 2229 Deos
457 2192 578 2229 foedus
606 2193 716 2229 icturi
742 2200 879 2238 essent,
909 2206 1024 2242 quum
1054 2206 1131 2240 eos,
1160 2207 1226 2242 per
1245 2207 1336 2242 quos
1365 2196 1455 2231 ante

173 2245 328 2281 “ictum
348 2251 458 2290 esset,
480 2244 698 2282 fefellissent
715 2247 728 2281 i
744 2246 765 2262 '⁷
796 2248 819 2267 “
839 2245 909 2282 Per
928 2246 1121 2291 eosdem‚”
1151 2246 1273 2295 inquit
1289 2247 1458 2283 Hasdru-

130 2302 161 2327 40
175 2297 248 2341 bal,
267 2299 291 2319 “
304 2297 367 2345 qui
387 2304 462 2334 tam
484 2297 608 2334 infesti
628 2304 714 2334 sunt
734 2297 875 2335 foedera
894 2298 1159 2335 violantibus.'’

228 2402 377 2440 XLIII.
407 2401 605 2439 Inclinatis
623 2403 793 2440 omnium
814 2403 859 2440 ad
889 2416 1022 2452 pacem
1053 2404 1201 2447 animis,
1224 2404 1294 2440 Cn.
1317 2403 1458 2440 Lentu-

175 2455 234 2492 lus
253 2455 397 2499 consul,
418 2455 479 2492 cui
500 2454 632 2492 classis
650 2456 842 2504 provincia
861 2465 953 2504 erat,
984 2456 1324 2493 senatus-consulto
1344 2456 1457 2492 inter-
