1617 2765
149 175 227 213 212
690 176 781 209 T1T1
805 177 916 208 len

153 269 350 319 Campani.
407 272 616 310 Numidam
650 280 860 322 promptum
890 272 935 308 ad
965 272 1093 309 omnia
1121 272 1296 309 audenda
1325 273 1434 311 donis

150 322 306 370 pellicit,
328 332 380 371 ut,
401 325 518 362 literis
538 326 718 374 acceptis,
740 325 866 374 specie
887 324 1090 374 transfugae
1114 332 1237 362 castra
1257 325 1436 363 Romana

152 374 356 424 ingressus,
378 377 495 414 altera
513 385 617 426 parte
638 377 809 426 Capuam
841 377 939 413 clam
959 378 1148 426 pervadat.
1205 377 1343 414 Literae
1372 391 1436 415 au-

149 435 226 465 tem
246 437 352 466 erant
372 430 632 467 adhortatione
666 430 809 478 plenae:
857 432 881 451 “
899 429 1178 467 Profectionem
1211 443 1331 477 suam,
1351 443 1434 479 quae

149 481 359 518 “salutaris
380 483 451 518 illis
472 482 578 528 foret,
600 482 871 519 abstracturam
892 482 939 518 ad
968 482 1247 519 defendendam
1269 483 1435 520 Romam
1464 496 1481 520 5

149 534 233 570 “ab
265 535 517 584 oppugnanda
547 535 679 583 Capua
713 535 832 571 duces
868 545 978 583 atque
1008 535 1196 572 exercitus
1226 535 1434 572 Romanos.

148 585 248 622 “Ne
277 587 556 635 desponderent
589 587 760 623 animos:
807 587 1001 624 tolerando
1028 600 1170 636 paucos
1196 587 1290 634 dies,
1320 595 1436 625 totam

148 638 372 675 “soluturos
392 639 667 676 obsidionem.”
726 639 821 676 Inde
855 652 970 676 naves
1000 640 1039 676 in
1070 640 1226 676 flumine
1249 640 1436 677 Vulturno

149 691 442 739 comprehensas
462 691 586 740 subigi
616 691 663 727 ad
695 691 744 736 id,
774 692 872 740 quod
898 692 975 740 jam
1005 692 1093 729 ante
1122 692 1286 741 praesidii
1321 695 1436 729 causa

149 743 304 786 fecerat,
325 744 521 780 castellum
540 744 660 792 jussit.
717 743 894 782 Quarum
916 744 979 780 ubi
1000 752 1142 780 tantam
1169 745 1317 793 copiam
1339 757 1434 788 esse,
1452 757 1481 781 10

148 803 190 831 ut
223 795 300 831 una
329 803 440 833 nocte
474 796 596 845 trajici
628 803 754 845 posset
779 796 981 840 exercitus,
1011 796 1164 833 allatum
1184 804 1254 840 est,
1284 797 1437 833 cibariis

147 847 283 883 decem
303 848 450 885 dierum
472 848 701 898 praeparatis,
727 848 912 885 deductas
931 855 1043 886 nocte
1064 849 1110 885 ad
1145 848 1302 885 fluvium
1322 849 1437 899 legio-

147 912 217 936 nes
236 906 323 936 ante
343 901 467 938 lucem
484 901 643 951 trajecit.

200 1004 314 1042 VIII.
363 1006 408 1043 Id
445 1006 660 1056 priusquam
699 1006 816 1053 fieret,
847 1006 898 1044 ita
927 1006 1095 1044 futurum
1125 1014 1362 1056 compertum
1390 1020 1438 1045 ex

146 1057 364 1107 transfugis,
386 1059 543 1096 Fulvius
573 1059 737 1096 Flaccus
766 1059 914 1096 senatui
943 1059 1109 1096 Romam
1130 1072 1245 1107 quum
1267 1060 1436 1109 scripsis-
1452 1074 1482 1098 15

147 1116 217 1153 set,
239 1111 337 1147 varie
360 1112 555 1148 hominum
576 1111 693 1148 animi
714 1125 780 1160 pro
800 1112 984 1161 cujusque
1014 1112 1169 1161 ingenio
1189 1112 1314 1148 affecti
1336 1120 1435 1149 sunt.

145 1161 197 1199 Ut
217 1162 255 1198 in
276 1176 315 1199 re
335 1171 412 1200 tam
440 1164 598 1213 trepida,
620 1171 754 1200 senatu
774 1165 962 1213 extemplo
981 1172 1126 1207 vocato,
1158 1164 1199 1200 P.
1221 1164 1435 1209 Cornelius,

147 1214 210 1251 cui
231 1214 362 1252 Asinae
383 1229 596 1266 cognomen
616 1224 709 1260 erat,
729 1229 861 1253 omnes
877 1217 995 1253 duces
1011 1216 1275 1265 exercitusque
1295 1229 1342 1253 ex
1361 1219 1437 1254 tota

148 1267 270 1315 Italia,
291 1281 414 1317 neque
449 1269 603 1318 Capuae,
641 1281 764 1317 neque
800 1269 911 1305 ullius
945 1269 1097 1306 alterius
1131 1269 1185 1305 rei
1215 1281 1368 1313 memor,
1389 1269 1436 1306 ad

146 1319 259 1357 Urbis
295 1321 512 1370 praesidium
545 1322 758 1359 revocabat.
816 1321 958 1358 Fabius
991 1321 1193 1368 Maximus,
1232 1322 1386 1358 abscedi
1416 1334 1481 1359 ano

147 1371 294 1421 Capua,
315 1375 519 1423 terrerique
540 1382 577 1412 et
606 1374 816 1423 circumagi
846 1374 892 1411 ad
913 1381 1027 1411 nutus
1047 1373 1436 1423 comminationesque

146 1423 390 1471 Hannibalis,
425 1427 652 1476 flagitiosum
683 1427 860 1464 ducebat.
917 1426 1035 1467 “Qui
1065 1427 1112 1463 ad
1143 1427 1299 1464 Cannas
1318 1427 1435 1464 victor

145 1478 238 1515 “ire
267 1486 393 1516 tamen
415 1480 462 1517 ad
492 1480 634 1517 Urbem
663 1493 778 1516 ausus
798 1492 873 1516 non
904 1487 1016 1527 esset,
1036 1492 1137 1526 eum,
1167 1492 1188 1516 a
1217 1479 1352 1528 Capua
1380 1492 1436 1515 re-

146 1533 172 1553 “
189 1532 351 1579 pulsum,
373 1545 476 1581 spem
497 1533 687 1581 potiundae
717 1532 820 1568 urbis
842 1532 976 1569 Romae
1007 1532 1154 1580 cepisse
1180 1532 1194 1567 ¹?
1268 1531 1357 1568 Non
1387 1531 1434 1568 ad

146 1583 350 1621 “Romam
378 1585 639 1631 obsidendam,
670 1585 735 1621 sed
766 1585 813 1621 ad
846 1584 987 1633 Capuae
1007 1584 1241 1620 liberandam
1272 1583 1481 1621 obsidio-25

146 1636 171 1657 “
184 1649 286 1680 nem,
316 1637 382 1673 ire.
439 1637 618 1685 Romam,
638 1650 725 1674 cum
747 1650 792 1674 eo
820 1637 989 1673 exercitu
1009 1637 1072 1685 qui
1092 1637 1138 1673 ad
1160 1636 1291 1672 urbem
1322 1643 1435 1683 esset,

146 1688 330 1732 “Jovem,
354 1689 536 1726 foederum
558 1697 751 1739 ruptorum
773 1689 820 1726 ab
843 1689 1060 1725 Hannibale
1090 1696 1237 1733 testem,
1261 1688 1436 1736 Deosque

146 1741 278 1779 “alios
315 1742 536 1779 defensuros
573 1755 667 1779 esse.
753 1742 834 1778 Has
871 1742 1038 1778 diversas
1071 1741 1278 1778 sententias
1310 1741 1436 1777 media

148 1794 337 1831 sententia
358 1794 398 1831 P.
418 1795 561 1831 Valerii
582 1795 714 1832 Flacci
734 1794 852 1839 vicit3
894 1794 970 1843 qui,
993 1794 1184 1842 utriusque
1204 1793 1259 1830 rei
1279 1806 1435 1839 memor,

149 1846 447 1895 imperatoribus,
468 1847 531 1896 qui
561 1848 608 1884 ad
629 1848 801 1896 Capuam
833 1853 974 1894 essent,
1004 1845 1249 1883 scribendum
1270 1845 1433 1888 censuit,
1447 1858 1480 1883 30

147 1898 293 1938 “Quid
313 1900 360 1936 ad
380 1900 522 1936 Urbem
542 1900 706 1948 praesidii
726 1906 850 1936 esset:
896 1906 1055 1947 quantas
1084 1905 1209 1934 autem
1240 1897 1435 1934 Hannibal

147 1951 314 2000 “copias
343 1952 513 1998 duceret,
533 1959 597 1988 aut
616 1959 756 2000 quanto
785 1951 958 1987 exercitu
992 1951 1038 1986 ad
1069 1950 1242 1999 Capuam
1261 1950 1436 1987 obsiden-

147 2006 172 2027 “
186 2003 273 2041 dam
309 2017 403 2053 opus
439 2011 551 2047 esset,
590 2004 693 2052 ipsos
730 2003 840 2040 scire.
898 2002 938 2039 Si
972 2009 1010 2039 et
1030 2003 1194 2040 Romam
1223 2015 1244 2039 e
1273 2002 1435 2039 ducibus

148 2059 173 2080 “
187 2056 291 2103 alter,
312 2064 350 2094 et
368 2056 562 2094 exercitas
581 2069 665 2105 pars
685 2056 781 2093 mitti
802 2063 940 2104 posset,
971 2062 1011 2092 ut
1031 2055 1077 2091 ab
1106 2055 1250 2104 reliquo
1270 2062 1307 2092 et
1336 2055 1435 2092 duce

148 2113 173 2133 “
186 2117 224 2146 et
243 2110 412 2147 exercitu
434 2110 566 2158 Capua
581 2109 682 2145 recte
703 2109 937 2146 obsideretur
954 2121 964 2152 3
995 2108 1092 2144 inter
1112 2120 1152 2144 se
1172 2114 1436 2156 compararent

149 2162 372 2199 “Claudius
393 2162 635 2211 Fulviusque,
657 2162 730 2198 utri
749 2161 959 2198 obsidenda
991 2160 1135 2210 Capua,
1157 2160 1244 2208 utri,
1273 2160 1320 2196 ad
1353 2172 1480 2209 pro-35

150 2214 391 2252 “hibendam
425 2215 621 2252 obsidione
651 2214 822 2263 patriam,
853 2213 1017 2250 Romam
1037 2213 1267 2250 veniendum
1295 2212 1434 2250 esset.”

152 2269 238 2306 Hoc
258 2268 601 2304 senatfis-eonsulto
621 2267 792 2316 Capuam
822 2266 976 2315 perlato,
1006 2265 1060 2305 Q.
1093 2266 1250 2303 Fulvius
1278 2278 1436 2315 procon-

151 2321 222 2364 sul,
243 2320 319 2364 cui,
341 2320 485 2369 collega
515 2333 562 2357 ex
591 2320 745 2356 vulnere
765 2332 877 2368 aegro,
897 2319 1069 2355 eundum
1106 2319 1271 2356 Romam
1291 2326 1384 2365 erat,
1413 2331 1434 2355 e

151 2373 270 2412 tribus
289 2373 518 2410 exercitibus
549 2372 666 2409 milite
698 2372 832 2415 electo,
868 2372 914 2408 ad
947 2371 1165 2421 quindecim
1196 2371 1313 2408 millia
1331 2370 1435 2420 pedi-

151 2434 245 2470 tum,
267 2426 368 2463 mille
387 2426 545 2475 equites,
575 2425 806 2462 Vulturnum
834 2425 1008 2461 traducit.
1065 2424 1160 2461 Inde
1193 2436 1307 2473 quum
1330 2423 1478 2461 Han-40

152 2479 318 2517 nibalem
338 2478 472 2516 Latina
492 2478 552 2516 via
572 2478 710 2515 iturum
732 2478 822 2515 satis
838 2478 1094 2527 comperisset,
1116 2477 1195 2526 ipse
1212 2488 1277 2527 per
1297 2475 1433 2525 Appiae

673 1742 694 1759 77
