1617 2765
618 154 754 185 LIBER
778 154 836 184 lx.
883 162 962 184 CAP.
980 162 1050 183 xrx.
1406 150 1474 189 161

195 248 415 285 offerentem
435 261 474 284 se
492 261 500 285 ε
530 247 716 284 Romanis
737 247 843 283 multi
874 247 1045 292 fuissent,
1074 246 1303 290 Alexandro,
1324 246 1381 282 vel
1403 245 1479 294 glo-

196 301 262 343 ria,
284 301 338 337 vel
359 312 482 337 rerum
503 300 777 348 magnitudine,
799 311 928 347 pares;
958 310 1114 346 quorum
1132 310 1200 333 suo
1215 298 1371 346 quisque
1390 299 1477 344 fato,

197 353 278 389 sine
296 352 447 402 publico
465 352 697 395 discrimine,
720 351 858 387 viveret
877 357 1171 398 morereturque.

248 456 362 493 XIX.
393 456 542 499 Restat,
572 463 613 493 ut
640 456 758 505 copiae
787 455 906 504 copiis
935 461 1213 503 comparentur,
1244 453 1300 489 vel
1323 466 1478 492 numero

168 525 183 549 5
197 508 252 545 vel
272 508 429 545 militum
450 521 604 558 genere,
624 509 681 544 vel
708 508 947 544 multitudine
968 507 1203 543 auxiliorum.
1261 506 1479 542 Censeban-

196 568 254 597 tur
274 561 356 610 ejus
384 561 502 597 aetatis
530 560 656 597 lustris
675 561 824 596 ducena
853 560 1117 608 quinquagena
1147 558 1264 594 millia
1298 559 1476 607 capitum.

195 612 341 661 Itaque,
363 613 400 649 in
419 613 522 649 omni
542 612 754 649 defectione
775 613 963 649 sociorum
989 611 1114 648 Latini
1137 611 1313 657 nominis,
1336 611 1478 647 urbano

194 666 306 713 prope
322 665 472 702 delectu
485 666 616 702 decem
634 665 895 702 scribebantur
910 665 1098 714 legiones:
1114 664 1283 712 quaterni
1298 663 1477 711 quinique

195 717 382 753 exercitus
410 730 508 766 saepe
536 731 600 766 per
619 730 684 754 eos
712 730 830 754 annos
860 718 896 753 in
919 717 1083 762 Etruria,
1105 716 1142 752 in
1164 715 1333 758 Umbria,
1361 716 1479 752 Gallis

153 785 183 809 ιο
196 768 365 806 hostibus
385 770 585 819 adjunctis,
616 771 654 806 in
684 770 853 816 Samnio,
876 770 912 806 in
936 769 1102 806 Lucanis
1122 769 1304 817 gerebant
1325 768 1475 804 bellum.

195 820 345 858 Latium
367 822 503 858 deinde
523 835 635 859 omne
664 835 752 858 cum
784 822 947 868 Sabinis,
967 829 1004 858 et
1024 821 1183 865 Volscis,
1205 828 1242 856 et
1264 820 1409 868 AEquis‚
1441 828 1478 857 et

194 873 297 909 omni
318 873 541 923 Campania,
561 883 598 911 et
616 882 719 923 parte
740 874 905 910 Umbriae
927 874 1171 921 Etrurifeque,
1193 882 1229 908 et
1243 873 1475 916 Picentibus,

195 932 231 961 et
252 925 401 971 Marsis,
424 926 676 975 Pelignisque,
697 939 740 962 ac
760 927 941 969 Vestinis,
979 934 1088 974 atque
1116 925 1263 973 Apulis,
1285 925 1478 973 adjuncta·

194 989 266 1024 que
285 978 388 1014 omni
407 978 473 1014 ora
492 979 712 1014 Graecorum
733 978 849 1014 Inferi
871 979 982 1014 maris
1002 990 1023 1013 a
1039 977 1197 1013 Thuriis
1216 977 1420 1025 Neapolim
1440 985 1477 1013 et

152 1045 182 1069 15
195 1028 348 1074 Cumas,
369 1036 407 1066 et
425 1029 514 1066 inde
534 1030 651 1067 Antio
672 1038 782 1078 atque
802 1030 921 1066 Ostiis
941 1038 1052 1066 tenus
1073 1029 1276 1074 Samnites,
1298 1036 1362 1065 aut
1383 1029 1477 1066 soci-

193 1093 234 1117 os
255 1081 394 1118 validos
413 1081 613 1126 Romanis,
634 1090 697 1119 aut
718 1082 854 1119 fractos
881 1082 978 1119 bello
998 1081 1203 1118 invenisset
1224 1082 1360 1117 hostes.
1418 1081 1477 1130 Ip-

194 1145 233 1169 se
262 1133 470 1183 trajecisset
499 1147 601 1171 mare
632 1147 718 1171 cum
748 1135 934 1171 veteranis
964 1134 1256 1180 Macedonibus,
1290 1147 1366 1170 non
1395 1134 1476 1183 plns

193 1186 347 1235 triginta
382 1186 547 1223 millibus
575 1187 782 1230 hominum,
813 1195 850 1224 et
891 1195 1048 1236 quatuor
1090 1186 1254 1222 millibus
1294 1186 1474 1235 equitum,

194 1238 356 1275 maxime
377 1239 669 1276 Thessalorum:
700 1241 771 1276 hoc
791 1240 892 1276 enim
919 1240 1060 1276 roboris
1089 1246 1179 1275 erat.
1237 1239 1383 1287 Persas,
1412 1239 1475 1275 In-

149 1304 181 1329 eo
194 1290 273 1337 dOS‚
303 1291 466 1340 aliasque
503 1292 533 1328 si
570 1292 801 1341 adjunxisset
837 1300 981 1341 gentes,
1013 1291 1325 1341 impedimentum
1356 1292 1474 1341 majus

193 1341 306 1391 quam
327 1344 505 1381 auxilium
525 1345 700 1381 traheret.
758 1345 880 1388 Adde,
900 1344 996 1393 quod
1031 1344 1218 1381 Romanis
1247 1345 1293 1380 ad
1321 1357 1474 1381 manum

194 1395 293 1432 domi
314 1396 614 1445 supplementum
636 1404 758 1434 esset:
804 1398 1021 1434 Alexandro
1043 1397 1158 1445 (quod
1178 1404 1306 1445 postea
1328 1397 1474 1433 Hanni-

194 1447 266 1484 bali
287 1448 459 1500 accidit),
481 1449 604 1486 alieno
623 1449 660 1485 in
681 1462 771 1499 agro
800 1450 965 1495 bellanti,
987 1450 1176 1486 exercitus
1196 1449 1470 1486 consenuisset.

194 1499 322 1545 Arma,
353 1500 508 1549 clypeus
536 1502 755 1550 sarissaeque
786 1502 881 1547 illis;
930 1502 1106 1538 Romano
1143 1512 1306 1544 scutum,
1352 1502 1474 1551 majus

147 1552 336 1601 mcorpori
356 1559 629 1602 tegumentum,
651 1562 690 1591 et
707 1554 838 1603 pilum,
860 1555 958 1591 haud
979 1554 1103 1603 paulo,
1133 1552 1246 1602 quam
1268 1554 1384 1599 hasta,
1414 1567 1473 1590 ve-

192 1604 405 1641 hementius
434 1605 510 1642 ictu
540 1606 728 1655 missuque
762 1607 889 1644 telum.
948 1607 1134 1643 Statarius
1168 1613 1322 1655 uterque
1353 1607 1471 1652 miles,

191 1656 343 1692 ordines
384 1669 556 1694 servans:
603 1659 669 1695 sed
705 1659 767 1695 illa
812 1659 975 1708 phalanx
1023 1658 1237 1705 immobilis,
1283 1667 1319 1695 et
1360 1660 1472 1696 unius

191 1708 341 1756 generis
357 1721 366 1744 :
397 1709 573 1746 Romana
592 1711 694 1747 acies
709 1712 932 1758 distinctior,
953 1725 998 1748 ex
1014 1712 1183 1760 pluribus
1196 1712 1363 1759 partibus
1383 1724 1473 1749 con-

191 1767 320 1805 stans;
350 1760 470 1798 facilis
491 1763 679 1810 partienti,
714 1764 953 1812 quacumque
980 1777 1074 1812 opus
1102 1770 1210 1806 esset,
1242 1763 1362 1800 facilis
1387 1764 1472 1812 jun-

146 1825 177 1850 :30
190 1813 306 1861 genti.
363 1813 448 1850 Jam
469 1814 506 1850 in
527 1827 638 1863 opere
658 1815 741 1863 quis
760 1828 825 1864 par
848 1816 1022 1852 Romano
1043 1816 1150 1852 miles
1168 1817 1181 1851 2
1212 1816 1294 1864 quis
1315 1817 1360 1852 ad
1383 1817 1472 1853 tole-

189 1865 348 1901 randum
377 1865 542 1902 laborem
573 1867 732 1904 melior?
803 1868 888 1905 Uno
919 1869 1050 1917 proelio
1087 1869 1207 1905 victus
1238 1868 1469 1912 Alexander,

189 1916 286 1954 bello
307 1917 425 1954 victus
444 1926 553 1955 esset.
610 1919 843 1963 Romanum,
863 1933 974 1968 quem
996 1921 1198 1967 Caudium,
1229 1933 1339 1968 quem
1371 1922 1471 1958 Can-

188 1981 246 2006 nae
266 1982 341 2006 non
362 1970 565 2019 fregerunt,
586 1984 668 2020 quae
689 1972 864 2021 fregisset
883 1973 984 2009 acies
1002 1974 1016 2008 Ἰ
1073 1973 1158 2016 Nae,
1181 1973 1242 2009 ille
1263 1986 1372 2022 saepe,
1405 1975 1471 2011 eti-

188 2022 281 2058 amsi
300 2022 420 2071 prima
438 2023 612 2072 prospere
632 2025 857 2071 evenissent,
879 2025 1012 2062 Persas
1031 2033 1066 2062 et
1088 2025 1204 2062 Indos
1223 2033 1259 2061 et
1279 2025 1469 2063 imbellem

143 2085 175 2110 :35
189 2073 320 2110 Asiam
339 2075 545 2123 quaesisset‚
566 2085 603 2112 et
622 2089 709 2113 cum
731 2077 893 2114 foeminis
913 2078 984 2114 sibi
1004 2078 1144 2114 bellum
1162 2078 1275 2114 fuisse
1289 2078 1445 2116 dixisset
1460 2092 1467 2100 ·

187 2126 285 2174 quod
322 2126 425 2176 Epiri
462 2140 591 2177 regem
620 2129 891 2173 Alexandrum,
935 2130 1124 2167 mortifero
1153 2131 1306 2166 vulnere
1336 2131 1466 2178 ictum,

188 2178 327 2215 dixisse
356 2179 493 2226 ferunt,
522 2188 657 2217 sortem
688 2182 869 2218 bellorum
903 2182 941 2218 in
981 2182 1071 2219 Asia
1099 2190 1288 2232 gestorum
1320 2184 1367 2219 ab
1396 2185 1467 2221 hoc

187 2230 267 2278 ipso
282 2230 420 2280 juvene
440 2244 527 2268 cum
548 2233 617 2269 sua
636 2234 907 2271 conferentem.
964 2235 1163 2283 Equidem,
1184 2248 1298 2283 quum
1319 2249 1384 2284 per
1405 2249 1468 2273 an-

187 2294 255 2319 nos
273 2290 429 2330 quatuor
448 2291 486 2320 et
505 2285 637 2334 viginti
656 2286 776 2335 primo
795 2287 941 2324 Punico
961 2287 1059 2324 bello
1074 2288 1257 2324 classibus
1277 2296 1464 2325 certatum

144 2344 275 2371 »aucum
296 2334 423 2371 Poenis
442 2337 628 2380 recordor,
649 2339 710 2375 vix
743 2347 889 2376 aetatem
911 2340 1122 2376 Alexandri
1150 2341 1391 2376 suffecturam
1414 2342 1467 2377 fu·

186 2386 259 2424 isse
279 2399 360 2423 reor
380 2387 426 2423 ad
446 2401 563 2425 unum
577 2389 738 2427 bellum:
768 2400 805 2428 et
818 2392 985 2438 forsitan,
1001 2405 1115 2441 quum
1133 2400 1170 2429 et
1187 2393 1390 2428 foederibus
1406 2405 1466 2429 ve-

186 2440 294 2476 tustis
310 2440 443 2489 juncta
466 2440 609 2477 Punica
621 2455 679 2514 τὲε
695 2443 880 2481 Romanae
897 2452 1008 2488 esset,
1031 2452 1067 2482 et
1083 2445 1192 2482 timor
1209 2458 1274 2493 par
1288 2445 1465 2482 adversus

580 2495 627 2530 14
