1617 2765
544 182 683 214 LIBER
706 181 850 212 XXVII.
895 191 974 212 cim.
992 191 1023 211 L.
1357 183 1435 221 229

154 279 230 317 diei
250 278 415 315 medium
444 282 536 319 erat,
570 275 723 323 sitisque
752 282 789 312 et
817 275 918 311 calor
947 274 1094 310 hiantes
1113 274 1315 311 caedendos
1334 276 1435 324 capi-

155 332 345 379 endosque
366 328 505 366 affatim
524 328 725 376 praebebat.

206 434 353 471 XLIX.
401 432 604 481 Elephanti
634 433 759 481 plures
788 432 836 468 ab
871 431 960 480 ipsis
998 430 1220 474 rectoribus,
1250 430 1361 478 quarn
1391 432 1436 468 ab

154 487 273 532 hoste,
306 485 518 528 intersecti3
562 485 692 521 fabrile
721 484 909 533 scalprum
929 496 1017 520 cum
1046 483 1183 519 malleo
1212 482 1432 519 habebant:

124 539 204 581 5id‚
225 538 289 575 ubi
309 537 438 574 saevire
460 537 592 573 belluae
625 550 670 573 ac
698 549 806 574 ruere
834 537 871 572 in
892 549 979 572 suos
1007 542 1213 584 coeperant,
1244 534 1435 593 magister,

153 591 250 628 inter
270 603 378 626 aures
395 589 570 638 positum,
591 589 671 638 ipso
691 590 729 626 in
750 588 920 632 articulo,
940 601 1013 635 quo
1029 587 1200 638 jungitur
1221 587 1335 635 capiti
1356 600 1436 624 cer-

153 643 228 689 vix,
248 649 388 690 quanto
419 641 582 678 maximo
618 648 762 690 poterat
782 641 873 687 ictu,
908 640 1095 689 adigebat.
1152 640 1209 677 Ea
1239 639 1438 676 celerrima

151 694 213 731 via
232 694 360 730 mortis
388 693 427 730 in
457 700 571 730 tantae
600 694 708 730 molis
738 693 863 729 bellua
889 692 1042 729 inventa
1060 700 1152 740 erat,
1186 692 1251 729 ubi
1279 692 1437 740 regendi

151 759 256 795 spem
287 746 489 783 vicissent:
537 746 751 794 primusque
790 746 826 782 id
856 744 1071 782 Hasdrubal
1100 745 1329 790 instituerat,
1360 744 1437 780 dux

110 811 266 846 loquum
303 811 401 847 saepe
439 798 531 834 alias
570 798 835 844 memorabilis,
875 806 953 833 tum
984 797 1047 833 illa
1074 797 1264 845 praecipue
1293 797 1436 845 pugna.

151 850 221 887 Ille
241 859 463 899 pugnanteS,
485 850 681 894 hortando,
712 850 921 899 pariterque
950 849 1128 886 obeundo
1147 848 1331 897 pericula,
1360 861 1438 884 sus-

151 903 285 939 tinuit:
315 903 376 939 ille
406 902 522 939 fessos
541 902 825 950 abnuentesque
845 901 957 938 taedio
986 911 1024 938 et
1051 901 1191 945 labore,
1222 913 1326 937 nunc
1355 912 1437 948 pre-

151 956 287 1001 cando,
317 968 420 991 nunc
449 954 681 1003 castigando,
703 954 904 990 accendit:
941 954 1002 989 ille
1024 953 1212 1002 fugientes
1231 952 1436 999 revocavit,

149 1006 400 1055 omissamque
421 1018 586 1055 pugnam
607 1006 746 1054 aliquot
764 1006 857 1042 locis
875 1005 1037 1041 restituit
1055 1018 1062 1041 ;
1092 1004 1295 1053 postremo,
1316 1016 1434 1052 quum

108 1072 138 1096 15
151 1058 250 1095 haud
271 1058 384 1095 dubie
406 1059 554 1095 fortuna
574 1058 735 1095 hostium
756 1064 867 1100 esset,
899 1070 946 1093 ne
966 1064 1179 1105 superesset
1206 1063 1312 1093 tanto
1332 1068 1438 1092 exer·

150 1111 242 1147 citui
271 1123 381 1147 suum
411 1123 550 1147 nomen
580 1117 724 1154 secuto,
762 1110 953 1147 concitato
981 1122 1077 1157 equo
1106 1121 1145 1145 se
1175 1109 1214 1145 in
1243 1109 1437 1145 cohortem

151 1163 368 1200 Romanam
389 1163 555 1199 immisit.
613 1162 683 1208 Ibi,
707 1169 746 1199 ut
764 1169 868 1210 patre
903 1161 1122 1197 Hamilcare
1152 1168 1190 1197 et
1219 1160 1437 1197 Hannibale

152 1215 263 1251 fratre
292 1215 451 1264 dignum
479 1222 571 1261 erat,
600 1227 774 1263 pugnans
802 1214 955 1250 cecidit.
1027 1213 1235 1261 Nunquam
1266 1225 1311 1249 eo
1339 1212 1437 1249 bello

153 1268 227 1303 una
249 1267 331 1304 acie
351 1274 497 1304 tantum
518 1267 680 1304 hostium
702 1266 941 1302 interfectum
961 1272 1042 1310 est;
1085 1265 1308 1313 redditaque
1332 1277 1438 1312 aequa

106 1332 137 1356 20
152 1319 347 1356 Cannensi
367 1319 507 1366 clades,
527 1319 584 1355 vel
605 1319 714 1355 ducis
734 1318 790 1354 vel
824 1318 1010 1354 exercitus
1040 1318 1206 1361 interitu,
1228 1316 1435 1353 videbatur.

149 1371 441 1421 Quinquaginta
477 1384 545 1408 sex
587 1371 705 1408 millia
733 1370 894 1407 hostium
923 1370 1076 1407 occisa:
1122 1377 1233 1419 capta
1273 1369 1436 1417 quinque

151 1423 269 1460 miilia
295 1431 333 1460 et
351 1424 640 1473 quadringenti:
687 1423 812 1472 praeda
832 1422 905 1458 alia
925 1435 1063 1471 magna
1081 1430 1161 1459 tum
1181 1421 1304 1459 omnis
1323 1434 1438 1470 gene-

150 1476 211 1520 ris,
234 1483 312 1512 tum
334 1476 413 1512 auri
433 1476 546 1512 etiam
567 1476 797 1524 argentique.
856 1474 1009 1511 Civium
1025 1475 1139 1511 etiam
1160 1474 1436 1519 Romanorum,

150 1528 212 1576 qui
233 1528 332 1576 capti
362 1528 461 1576 apud
491 1528 616 1564 hostes
645 1534 765 1573 erant,
794 1539 906 1575 supra
934 1533 1093 1574 quatuor
1123 1526 1240 1562 millia
1268 1525 1435 1574 capitum

105 1586 313 1629 25recepta.
370 1580 415 1616 Id
435 1580 556 1617 solatii
578 1579 646 1616 fuit
664 1592 731 1628 pro
750 1578 896 1615 amissis
912 1591 957 1615 eo
971 1578 1102 1627 proelio
1116 1578 1319 1614 militibus:
1348 1590 1436 1613 nam

152 1632 442 1680 haudquaquam
462 1632 662 1669 incruenta
680 1631 835 1668 victoria
855 1631 946 1668 fuit:
974 1638 1061 1668 octo
1081 1631 1197 1667 ferme
1218 1630 1338 1666 millia
1358 1630 1437 1666 Ro-

151 1697 345 1720 manorum
389 1684 650 1732 sociorumque
685 1683 824 1720 occisa.
899 1683 1083 1731 Adeoque
1121 1683 1234 1719 etiam
1275 1682 1436 1718 victores

151 1736 346 1786 sanguinis
383 1736 572 1784 caedisque
604 1742 757 1784 ceperat
788 1736 954 1781 satietas,
989 1742 1029 1771 ut
1048 1742 1195 1783 postero
1215 1734 1290 1780 die,
1319 1746 1436 1782 quum

150 1796 250 1825 esset
269 1789 484 1825 nuntiatum
499 1787 606 1824 Livio
626 1787 786 1830 consuli,
807 1787 936 1823 Gallos
955 1787 1168 1835 Cisalpinos
1188 1786 1433 1834 Liguresque,

107 1852 138 1877 30
150 1841 213 1889 qui
233 1848 298 1877 aut
317 1840 446 1889 proelio
465 1853 541 1877 non
571 1839 778 1886 affuissent,
812 1846 876 1875 aut
909 1840 1005 1875 inter
1024 1840 1168 1876 caedem
1197 1838 1431 1886 effugissent,

152 1905 227 1929 uno
246 1893 397 1950 agmine
417 1893 520 1928 abire
540 1892 621 1928 sine
650 1898 754 1928 certo
783 1891 894 1934 duce,
923 1891 1005 1927 sine
1025 1891 1156 1940 signis,
1189 1891 1271 1926 sine
1297 1890 1432 1926 ordine

151 1945 239 1991 ullo,
260 1951 323 1981 aut
341 1944 520 2004 imperi03
550 1956 671 2012 posse,
691 1943 721 1980 si
742 1955 818 1979 una
837 1943 1005 1991 equitum
1025 1943 1083 1979 ala
1103 1943 1282 1985 mittatur,
1302 1954 1435 1979 omnes

151 1997 293 2033 deleri·
285 2025 293 2041 ‚
325 2003 348 2019 “
363 1990 599 2055 Supersint‚’'
621 1996 755 2044 inquit,
787 2002 809 2018 ‘⁶
828 1995 940 2044 aliqui
960 1995 1097 2039 nuntii,
1119 2003 1156 2032 et
1175 1995 1337 2032 hostium
1357 1995 1433 2031 cla-

156 2055 179 2072 “
194 2050 264 2095 (iis,
285 2055 322 2085 et
341 2056 476 2085 nostrae
495 2048 677 2085 virtutisss'

108 2168 140 2193 35
206 2153 249 2189 L.
279 2152 397 2196 Nero,
417 2153 460 2189 ea
481 2160 591 2190 nocte
610 2166 691 2201 quae
711 2160 841 2190 secuta
860 2159 916 2190 est
935 2165 1115 2202 pugnam,
1132 2152 1301 2189 citatiore
1321 2150 1432 2200 quam

153 2206 241 2243 inde
262 2212 414 2242 venerat
433 2205 596 2254 agmine,
616 2206 676 2242 die
697 2212 801 2242 sexto
830 2205 876 2241 ad
897 2206 1029 2242 stativa
1048 2218 1128 2252 sua,
1149 2212 1258 2252 atque
1279 2204 1325 2240 ad
1347 2205 1430 2240 hos-

153 2266 228 2295 tem
249 2257 429 2307 pervenit.
487 2257 562 2294 Iter
581 2257 661 2306 ejus
681 2258 888 2306 frequentia
915 2258 1072 2300 minore,
1095 2257 1183 2306 quia
1211 2269 1323 2293 nemo
1342 2269 1433 2305 prae-

154 2316 319 2348 cesserat
338 2310 506 2353 nuntius,
527 2309 655 2346 laetitia
671 2310 756 2346 vero
777 2310 893 2353 tanta,
911 2310 970 2346 vix
990 2317 1030 2346 ut
1043 2316 1233 2358 compotes
1250 2309 1431 2345 mentium

154 2376 229 2412 prae
265 2362 404 2411 gaudio
432 2369 569 2405 essent,
599 2362 829 2399 celebratum
860 2369 928 2399 est.
1001 2362 1102 2399 Nam
1133 2362 1268 2399 Romae
1301 2368 1432 2397 neuter

110 2428 142 2453 40
156 2415 271 2452 animi
265 2393 441 2452 Uhabitus
461 2414 550 2450 satis
569 2414 644 2451 dici
651 2415 898 2473 enarrarique
915 2422 1059 2464 potest·
1051 2443 1061 2459 ‚
1104 2427 1176 2451 nec
1196 2426 1269 2471 quo
1289 2413 1432 2448 incerta

156 2466 439 2517 exspectatione
455 2467 610 2503 eventus
625 2466 755 2504 civitas
775 2467 907 2511 fuerat,
929 2480 1001 2504 nec
1020 2480 1094 2516 quo
1110 2465 1273 2503 victorias
1294 2463 1431 2500 samam
