1638 2765
196 166 244 203 18
707 165 796 202 T1T1
821 165 932 196 leu

193 258 244 295 tio
263 258 330 294 viri
358 265 395 295 et
422 271 533 307 pavor
550 272 714 308 praesens
744 260 961 296 nobilitavit.
1019 260 1186 297 Consilio
1215 261 1327 297 etiam
1347 260 1460 297 unius

194 310 355 346 hominis
384 311 511 347 addita
542 311 595 348 rei
625 312 762 347 dicitur
783 311 899 347 fides:
939 324 1099 359 namque
1119 312 1303 349 Proculus
1323 312 1460 359 Julius,

193 362 351 398 sollicita
370 362 520 399 civitate
552 363 739 400 desiderio
771 362 882 411 regis,
915 370 952 399 et
983 363 1129 399 infensa
1160 364 1346 406 Patribus,
1379 376 1462 412 gra-

194 413 260 460 vis,
279 421 319 450 ut
338 415 507 460 traditur,
531 415 700 462 quamvis
733 426 877 462 magnae
910 414 963 450 rei
996 422 1136 457 auctor,
1167 415 1204 451 in
1238 416 1461 452 concionem

192 467 323 513 prodit.
382 469 403 485 “
417 466 642 508 Romulus‚”
663 466 795 514 inquit,
822 465 1042 508 “Quirites‚
1062 478 1198 513 parens
1217 467 1318 503 urbis
1339 467 1461 515 liujus,
1491 475 1508 499 5

193 519 349 566 “prima
369 518 548 554 hodierna
578 517 663 554 luce
695 518 790 554 coelo
817 517 969 565 repente
1002 517 1189 566 delapsus,
1221 531 1260 554 se
1293 519 1383 554 mihi
1401 519 1464 555 ob-

185 572 218 601 ss‘
234 570 334 606 vium
353 570 477 606 dedit:
505 581 633 617 quum,
652 569 822 618 perfusus
841 570 990 606 horrore
1010 570 1380 618 venerabundusque,
1401 571 1464 606 ad-

192 622 217 643 “
233 622 420 667 stitissem,
449 628 580 670 petens
615 622 802 670 precibus,
838 628 878 657 ut
913 622 1042 658 contra
1078 622 1213 658 intueri
1252 622 1306 658 sas
1341 629 1463 667 esset3

192 674 216 695 “
233 675 242 695 ‘
257 674 345 717 Abi,
377 673 534 718 nuntia,’
571 673 704 721 inquit,
739 675 749 695 ‘
766 673 963 715 Romanis,
993 673 1175 710 Coelestes
1208 673 1259 709 ita
1287 673 1392 716 velle,
1425 681 1466 710 ut

193 727 216 747 “
233 727 242 747 ‘
257 738 340 762 inea
358 726 484 762 Roma
501 732 614 773 caput
632 725 732 761 orbis
751 733 932 761 terrarum
953 724 1021 761 sit:
1062 726 1217 773 proinde
1233 738 1310 761 rem
1332 725 1464 762 milita·
1479 733 1508 758 10

193 779 216 799 “
232 779 335 814 ‘rem
354 777 500 813 colant:
529 777 738 824 sciantque,
758 783 795 812 et
814 776 864 812 ita
882 776 1040 824 posteris
1058 777 1218 819 tradant,
1236 777 1357 813 nullas
1375 790 1465 825 opes

193 831 216 851 “
234 832 244 852 ‘
258 831 441 865 humanas
460 828 572 864 armis
592 828 779 864 Romanis
797 827 969 864 resistere
989 828 1122 875 posse?
1179 828 1312 870 Haec,'’
1334 828 1463 876 inquit,
1495 846 1507 866 z

193 883 218 904 ‘⁶
234 882 394 927 locutus,
414 879 584 916 sublimis
604 880 735 916 abiit.⁷’
791 879 946 922 Mirum,
978 886 1157 927 quantum
1177 879 1229 916 illi
1249 880 1339 922 viro,
1370 892 1466 916 nun-

194 933 302 971 tianti
321 934 415 976 haec,
436 931 523 968 fidei
544 931 675 977 fuerit3
717 932 902 980 quamque
932 931 1159 967 desiderium
1190 931 1346 968 Romuli
1366 932 1465 980 apud

194 986 343 1035 plebem
362 984 657 1039 exercitumque,
689 983 786 1021 facta
815 983 888 1020 fide
909 983 1207 1027 immortalitatis,
1227 983 1384 1020 lenitum
1405 984 1463 1020 sit.
1479 992 1510 1017 15

246 1089 378 1127 XVII.
408 1089 560 1126 Patrum
580 1089 729 1126 interim
748 1089 893 1126 animos
911 1094 1100 1125 certarnen
1130 1088 1237 1137 regni
1266 1101 1310 1125 ac
1329 1088 1466 1137 cupido

195 1143 389 1179 versabat:
428 1154 500 1178 nec
518 1142 608 1178 dum
629 1155 650 1178 a
668 1141 838 1190 singulis,
870 1141 958 1189 quia
988 1154 1100 1177 nemo
1131 1153 1357 1189 magnopere
1376 1141 1466 1177 emi-

196 1195 308 1231 nebat
328 1195 366 1230 in
385 1206 481 1230 novo
512 1193 661 1242 populo,
680 1200 928 1242 pervenerant
947 1192 1129 1230 factiones
1145 1206 1153 1229 2
1200 1193 1295 1229 inter
1314 1193 1464 1229 ordines

195 1247 418 1284 certabatur.
474 1245 637 1282 Oriundi
657 1246 703 1282 ab
735 1245 900 1291 Sabinis,
929 1257 990 1288 ne,
1021 1245 1108 1293 quia
1139 1253 1220 1293 post
1248 1244 1351 1281 Tatii
1372 1257 1466 1288 mox-

195 1307 270 1336 tem
290 1299 336 1334 ab
356 1299 421 1334 sua
440 1304 542 1346 parte
562 1311 637 1334 non
657 1305 736 1334 erat
754 1304 963 1347 regnatum,
994 1297 1033 1333 in
1065 1297 1242 1333 societate
1263 1297 1367 1344 aequa
1386 1309 1466 1344 pos·
1478 1299 1511 1324 20

196 1351 400 1388 sessionem
420 1349 565 1398 imperii
586 1350 810 1392 amitterent,
831 1349 888 1385 sui
921 1349 1084 1397 corporis
1113 1349 1231 1385 creari
1260 1360 1386 1396 regem
1406 1360 1467 1384 vo-

197 1404 333 1440 lebant.
390 1402 558 1440 Romani
577 1409 720 1438 veteres
739 1400 977 1450 peregrinum
995 1413 1121 1449 regem
1134 1400 1465 1448 adspernabantur.

197 1456 242 1492 In
263 1454 373 1491 variis
393 1454 657 1500 voluntatibus,
678 1454 826 1503 regnari
846 1461 970 1490 tamen
1000 1465 1131 1489 omnes
1157 1452 1339 1496 volebant,
1359 1451 1470 1488 liber-

197 1507 282 1544 tatis
302 1507 503 1543 dulcedine
523 1506 692 1542 nondum
711 1507 873 1554 experta.
931 1505 1064 1541 Timor
1093 1504 1230 1540 deinde
1266 1504 1393 1539 Patres
1414 1503 1467 1539 in-

197 1559 324 1602 cessit,
345 1571 393 1595 ne
413 1558 601 1594 civitatem
621 1558 703 1594 sine
730 1557 897 1606 imperio,
916 1556 1125 1592 exercitum
1145 1555 1225 1591 sine
1245 1555 1354 1599 duce,
1376 1554 1467 1591 mul·
1479 1558 1512 1584 ÷³³

197 1620 319 1648 tarum
345 1610 447 1647 circa
475 1609 681 1646 civitatium
715 1609 865 1646 irritatis
893 1608 1039 1653 animis,
1069 1608 1123 1643 vis
1159 1607 1282 1655 aliqua
1313 1614 1469 1642 externa

198 1663 426 1700 adoriretur:
454 1669 492 1698 et
511 1674 593 1698 esse
613 1661 725 1710 igitur
745 1661 893 1709 aliquod
921 1667 1036 1708 caput
1066 1659 1260 1708 placebat3
1299 1665 1336 1694 et
1357 1671 1468 1694 nemo

198 1715 303 1752 alteri
332 1714 542 1751 concedere
575 1714 614 1750 in
643 1714 811 1750 animum
844 1712 1058 1749 inducebat.
1115 1711 1173 1747 Ita
1200 1723 1279 1747 rem
1309 1710 1403 1746 inter
1428 1722 1467 1746 se

198 1775 352 1804 centum
373 1766 514 1809 Patres,
535 1766 669 1802 decem
688 1765 851 1801 decuriis
881 1764 1001 1807 factis,
1034 1763 1264 1812 singulisque
1283 1762 1321 1798 in
1342 1762 1469 1810 singu-

198 1821 252 1856 las
287 1818 460 1855 decurias
495 1818 642 1864 creatis,
680 1817 741 1865 qui
778 1829 932 1853 summae
969 1828 1092 1852 rerum
1128 1821 1342 1863 praeessent,
1381 1816 1513 1850 con-3⁰

198 1872 366 1909 sociant:
412 1870 545 1906 decem
582 1869 866 1918 imperitabant;
913 1880 1011 1904 unus
1043 1880 1129 1903 cum
1162 1866 1374 1915 insignibus
1402 1865 1468 1901 im-

197 1923 291 1982 perii
323 1930 361 1959 et
388 1921 582 1958 lictoribus
610 1929 710 1958 erat:
756 1921 919 1969 quinque
951 1919 1096 1955 dierum
1125 1918 1243 1966 spatio
1271 1917 1514 1964 finiebatur}-

198 1973 410 2023 1mperium‚
431 1986 475 2010 ac
493 1986 557 2022 per
586 1986 716 2010 omnes
745 1973 782 2009 in
811 1973 940 2009 orbem
958 1971 1059 2007 ibat:
1098 1981 1338 2017 annuumque
1358 1969 1470 2005 inter·
1490 1985 1507 2012 ‚0

200 2027 338 2064 vallum
360 2025 466 2075 regni
487 2026 565 2062 fuit.
623 2025 667 2062 Id
688 2025 734 2061 ab
759 2037 796 2061 re
828 2024 943 2074 (quod
972 2035 1075 2059 nunc
1104 2034 1250 2069 quoque
1283 2028 1386 2057 tenet
1405 2033 1469 2057 no·
1490 2023 1515 2062 ,ffi

199 2080 302 2125 men)
341 2079 596 2126 interregnum
634 2077 870 2126 appellatum.
951 2074 1128 2111 Fremere
1173 2073 1310 2109 deinde
1350 2072 1468 2120 plebs,
1490 2098 1507 2115 ,

200 2130 483 2179 multiplicatam
505 2130 732 2172 servitutem,
766 2135 917 2164 centum
948 2139 1012 2175 pro
1041 2138 1116 2162 uno
1135 2125 1306 2162 dominos
1327 2124 1468 2161 factos:
1491 2120 1508 2165 ἓν

201 2196 273 2220 nec
293 2183 387 2219 ultra
407 2182 479 2218 nisi
499 2194 639 2230 regem,
669 2188 706 2217 et
735 2180 782 2217 ab
813 2179 900 2228 ipsis
929 2185 1109 2221 creatum,
1137 2177 1358 2213 videbantur
1389 2188 1470 2224 pas·
1490 2175 1515 2224 Ξ

201 2235 289 2272 suri.
343 2234 476 2273 Quum
496 2234 700 2269 sensissent
719 2245 764 2268 ea
783 2231 919 2268 moveri
950 2230 1092 2275 Patres,
1120 2229 1352 2265 offerendum
1375 2225 1516 2265 ultro*

202 2287 284 2330 rati,
305 2286 402 2334 quod
423 2285 593 2321 amissuri
613 2291 732 2327 erant,
754 2284 804 2320 ita
831 2283 987 2331 gratiam
1021 2282 1165 2325 ineunt,
1186 2282 1328 2317 summa
1351 2287 1471 2328 potes-

203 2347 277 2376 tate
298 2338 432 2387 populo
450 2337 641 2385 permissa,
662 2343 701 2372 ut
721 2348 795 2372 non
815 2335 897 2383 plus
921 2334 1052 2370 darent
1069 2333 1174 2382 juriS‚
1195 2331 1306 2381 quam
1326 2332 1470 2368 detine·
1483 2337 1515 2362 40

202 2398 312 2428 rent:
341 2391 588 2426 decreverunt
606 2388 720 2430 enim,
743 2394 796 2430 ut,
813 2399 925 2434 quum
947 2385 1103 2434 populus
1132 2397 1258 2433 regern
1285 2383 1467 2432 jussisset,

206 2444 241 2481 id
274 2443 332 2480 sic
369 2449 488 2479 ratum
519 2447 629 2484 esset,
659 2440 689 2477 si
723 2439 851 2476 Patres
879 2446 1050 2475 auctores
1079 2437 1232 2473 fierent:
1272 2435 1467 2483 hodieque,
