1617 2765
130 185 206 224 188
681 185 772 216 TITI
796 184 908 216 LIVII

128 279 423 329 “‘Hispanias‘l
470 287 507 317 et
536 279 624 317 inde
651 291 827 323 cesser03
881 279 919 315 in
951 278 1122 316 Africam
1152 278 1412 316 transcendes.

130 331 480 369 “‘Transcendes'
511 340 638 369 autem
666 332 781 368 dico?
827 331 921 367 duos
958 332 1133 368 consules
1170 332 1280 380 hujus
1309 331 1413 375 anni,

131 387 153 403 “
166 397 284 421 unum
299 385 335 421 in
351 385 535 431 Africam,
549 384 705 420 alterum
724 384 761 419 in
778 383 1002 431 Hispaniam
1020 384 1224 420 miserunt:
1246 383 1337 419 nihil
1355 395 1416 419 us-

132 439 277 485 “quam
299 437 407 473 nobis
426 437 600 472 relictum
619 435 772 480 est,·riisi
785 435 883 483 quod
897 436 1009 471 armis
1022 436 1304 472 vindicarimus.
1335 434 1415 471 Illis

130 490 151 508 “
166 489 308 525 timidis
322 496 358 525 et
373 489 516 537 ignavis
529 488 618 524 licet
630 500 726 531 esse,
747 488 808 536 qui
822 495 1035 535 respectum
1053 488 1205 530 habent,
1219 500 1310 535 quos
1326 499 1416 523 suus
1445 497 1462 522 5

130 543 154 562 ‘⁶
167 553 268 590 ager,
289 554 358 577 sua
376 548 487 583 terra,
508 552 574 588 per
594 546 674 576 tuta
690 552 734 576 ac
753 547 887 588 pacata
907 539 1041 575 itinera
1054 539 1254 588 fugientes,
1277 539 1416 587 accipi-

129 592 152 614 “
166 601 231 630 ent
248 606 255 630 :
287 593 390 629 vobis
410 604 567 628 necesse
583 599 639 628 est
652 592 808 628 sortibus
825 591 912 627 viris
939 604 1035 635 esse,
1057 599 1106 634 et,
1123 592 1300 628 omnibus
1320 591 1416 627 inter

131 646 359 682 “victoriam
379 651 583 680 mortemve
603 645 705 679 certa
739 644 1000 691 desperatione
1035 644 1214 692 abruptis,
1249 650 1313 680 aut
1338 643 1417 679 vin-

131 702 264 740 “eere,
286 704 361 742 aut,
383 697 413 732 si
435 696 582 732 fortuna
615 695 815 740 dubitabit,
849 696 887 731 in
922 695 1052 743 proelio
1071 697 1213 744 potius,
1234 696 1344 743 quam
1375 695 1414 731 in

129 749 255 798 “fuga
276 756 434 785 mortem
454 755 643 796 oppetere.
701 747 742 783 Si
763 747 836 783 hoc
869 747 966 783 bene
996 747 1111 783 fixum
1141 748 1317 784 omnibus
1347 748 1411 783 de·
1433 757 1462 782 ιο

128 802 420 849 “stinatumque
441 800 479 836 in
501 799 626 835 animo
645 805 715 845 est,
744 799 877 835 iterum
899 799 1036 844 dicam,
1057 799 1224 836 vicistis:
1271 799 1416 835 nullum

128 860 398 889 “momentum
437 852 483 888 ad
520 851 751 887 vincendum
782 851 925 888 homini
956 851 1003 887 ab
1032 850 1117 887 Diis
1145 851 1418 888 immortalibus

129 905 289 942 “acrius
308 905 437 941 datum
459 903 556 940 est.’'

180 1009 304 1046 XLV.
352 1009 425 1045 His
445 1008 769 1045 adhortationibus
788 1021 904 1056 quum
934 1007 1121 1057 utrimque
1150 1009 1196 1045 ad
1217 1015 1409 1045 certamen

128 1062 282 1099 accensi
303 1062 462 1098 militum
484 1061 601 1097 animi
621 1068 761 1104 essent,
783 1061 949 1097 Romani
979 1068 1092 1109 ponte
1121 1061 1305 1098 Ticinum
1331 1061 1417 1110 jun·
1433 1072 1463 1098 15

129 1122 236 1163 gunt,
257 1114 477 1161 tutandique
496 1113 621 1161 pontis
640 1115 753 1149 causa
783 1113 980 1149 castellum
1017 1114 1170 1162 insuper
1203 1113 1413 1161 imponunt.

130 1167 282 1211 Poenus,
302 1178 415 1214 opere
434 1165 630 1213 occupatis
649 1165 831 1208 hostibus,
852 1165 1114 1201 Maharbalem
1148 1177 1236 1201 cum
1257 1165 1317 1200 ala
1336 1165 1418 1201 Nu-

131 1219 332 1263 midarum,
366 1217 556 1265 equitibus
583 1217 814 1265 quingentis,
849 1217 895 1252 ad
917 1217 1200 1265 depopulandos
1228 1217 1416 1253 sociorum

130 1270 257 1319 populi
294 1269 462 1307 Romani
499 1281 608 1318 agros
644 1269 769 1306 mittit.
824 1269 943 1305 Gallis
971 1269 1074 1317 parci
1111 1270 1224 1317 quam
1253 1269 1416 1305 maxime

126 1323 246 1372 jubet,
268 1322 555 1371 principumque
576 1321 721 1357 animos
740 1321 931 1358 sollicitari
952 1321 998 1357 ad
1018 1321 1283 1358 defectionem.
1322 1321 1418 1358 Pon·
1429 1332 1463 1358 20

128 1383 163 1411 te
183 1375 365 1424 perfecto,
385 1374 581 1410 traductus
602 1373 802 1410 Romanus
828 1373 1021 1410 exercitus
1040 1373 1078 1410 in
1098 1386 1229 1423 agrum
1251 1373 1419 1410 Insubri-

127 1440 204 1471 um,
235 1428 399 1476 quinque
429 1426 547 1462 millia
583 1439 761 1474 passuum
792 1439 814 1462 a
843 1426 1072 1462 Victumviis
1099 1426 1282 1463 consedit.
1356 1426 1416 1463 Ibi

129 1479 321 1516 Hannibal
343 1486 466 1516 castra
497 1478 684 1514 habebat:
731 1486 983 1526 revocatoque
1016 1478 1171 1527 propere
1193 1478 1416 1515 Maharbale

128 1539 237 1580 atque
257 1532 459 1580 equitibus,
480 1543 594 1578 quum
616 1531 754 1566 instare
784 1538 978 1567 certamen
1007 1537 1192 1574 cerneret,
1222 1530 1315 1566 nihil
1346 1543 1417 1567 un-

127 1597 238 1632 quam
266 1584 356 1620 satis
384 1584 527 1620 dictum
557 1583 894 1631 praemonitumque
924 1583 970 1618 ad
1000 1582 1251 1619 cohortandos
1279 1582 1462 1620 milite825

127 1643 242 1682 ratus,
272 1636 412 1672 vocatis
449 1635 495 1671 ad
533 1635 759 1672 concionem
793 1643 898 1671 certa
935 1635 1090 1684 praemia
1116 1635 1347 1683 pronuntiat,
1378 1634 1416 1671 in

127 1701 284 1736 quorum
318 1701 420 1737 spem
452 1694 677 1736 pugnarent.
746 1688 928 1736 “Agrum
958 1700 1040 1723 sese
1069 1687 1244 1723 daturum
1265 1699 1348 1723 esse
1377 1687 1416 1723 in

127 1747 150 1762 “
162 1740 284 1786 Italia,
319 1740 464 1783 Africa,
497 1740 697 1788 Hispania,
718 1739 783 1776 ubi
812 1739 968 1788 quisque
988 1739 1087 1785 velit,
1118 1739 1326 1776 immunem
1347 1739 1417 1788 ipsi

127 1793 224 1841 “qui
254 1793 477 1841 accepisset,
507 1792 735 1840 liberisque3
781 1792 843 1840 qui
881 1791 1097 1841 pecuniam,
1127 1790 1239 1840 quam
1270 1803 1415 1840 agrum,

127 1851 149 1867 “
162 1845 367 1887 maluisset,
387 1845 422 1881 ei
442 1857 482 1880 se
510 1851 666 1893 argento
686 1844 965 1881 satisfacturum
985 1857 992 1880 :
1022 1845 1085 1892 qui
1105 1844 1292 1880 sociorum
1314 1844 1416 1880 cives
1428 1855 1462 1880 30

126 1897 496 1945 “Carthaginienses
530 1897 609 1932 fieri
647 1896 796 1941 vellent,
841 1903 1062 1944 potestatem
1095 1895 1305 1932 facturum:
1352 1895 1415 1943 qui

126 1949 294 1986 “domos
313 1949 435 1985 redire
456 1947 624 1993 mallent,
653 1948 828 1984 daturum
858 1960 897 1984 se
929 1960 1095 1996 operam,
1126 1958 1174 1983 ne
1203 1948 1312 1996 cujus
1332 1960 1416 1984 suo-

126 2007 244 2038 “rum
273 2000 508 2050 popularium
538 2006 719 2036 mutatam
749 2012 877 2035 secum
909 1999 1095 2036 fortunam
1124 2012 1207 2035 esse
1236 1999 1414 2036 vellent.”

129 2054 256 2090 Servis
275 2065 421 2101 quoque
442 2052 614 2089 dominos
633 2051 841 2100 prosecutis
874 2052 1083 2088 libertatem
1105 2052 1289 2101 proponit,
1311 2052 1416 2088 bina-

126 2119 198 2154 que
228 2119 294 2155 pro
324 2106 380 2142 his
410 2104 601 2153 mancipia
629 2104 792 2140 dominis
820 2116 860 2139 se
892 2104 1140 2140 redditurum.
1216 2104 1345 2152 anue
1375 2111 1460 2142 ut³5

126 2165 207 2195 rata
235 2158 376 2194 scirent
410 2157 499 2200 fore,
534 2169 674 2205 agnum
707 2156 798 2192 laeva
819 2168 947 2199 manu,
969 2156 1124 2193 dextera
1153 2156 1297 2193 silicem
1327 2157 1415 2193 reti-

127 2222 236 2257 nens,
273 2210 302 2246 si
334 2209 489 2256 falleret,
519 2209 650 2246 Jovem
689 2215 918 2256 caeterosque
947 2216 1122 2257 precatus
1151 2208 1265 2252 Deos,
1296 2209 1346 2245 ita
1375 2221 1415 2246 se

127 2270 350 2307 mactarent,
370 2262 687 2310 quemadmodum
708 2260 786 2309 ipse
807 2273 947 2309 agnum
969 2263 1180 2305 mactasset,
1200 2262 1414 2298 secundum

128 2314 385 2364 precationem
419 2321 532 2362 eaput
563 2313 722 2362 pecudis
751 2326 840 2349 saxo
860 2313 969 2350 elisit.
1026 2313 1129 2350 Tum
1151 2313 1238 2350 vero
1267 2326 1411 2357 omnes,

127 2367 229 2404 velut
248 2366 331 2403 Diis
351 2366 567 2402 auctoribus
588 2366 624 2401 in
645 2378 748 2413 spem
770 2378 874 2401 suam
896 2366 1052 2414 quisque
1072 2366 1252 2415 acceptis,
1281 2367 1317 2402 id
1337 2378 1414 2403 mo·
1426 2378 1458 2403 4ο

128 2433 190 2465 rae,
210 2418 309 2468 quod
329 2418 497 2455 nondum
517 2425 743 2467 pugnarent,
765 2418 811 2453 ad
842 2419 1023 2466 potiunda
1051 2426 1198 2468 sperata
1216 2419 1297 2464 rati,
1318 2430 1413 2467 proe-

129 2472 222 2508 lium
242 2484 318 2508 uno
338 2471 464 2508 animo
483 2478 520 2507 et
540 2482 630 2506 voce
652 2470 727 2506 una
745 2479 916 2518 poscunt.
