1617 2765
172 182 248 221 130
722 185 814 216 ‘rm
837 185 948 216 L1V11

171 281 321 324 “atque
341 290 466 316 arcem
487 279 612 328 populi
642 279 822 322 Romani,
854 279 890 316 in
921 292 959 316 re
988 279 1130 328 trepida
1161 284 1301 315 tutatus
1328 285 1451 317 esset:

171 334 194 350 “
208 328 484 379 collegiumque
504 332 550 367 ad
570 344 653 368 eam
684 344 762 368 rem
785 331 838 368 M.
860 331 998 368 Furius
1017 331 1176 368 dictator
1206 331 1453 368 constitueret

172 385 257 416 “ex
277 380 331 426 iis,
350 384 414 429 qui
435 383 473 419 in
494 383 680 431 Capitolio
699 391 809 431 atque
830 396 916 419 arce
938 383 1184 419 habitarent.''
1244 382 1451 431 Expiandae

168 431 282 468 etiam
302 435 404 471 vocis
423 443 630 480 nocturnae‚
650 448 733 483 quae
754 436 886 472 nuntia
914 435 1032 472 cladis
1061 443 1147 471 ante
1176 434 1315 471 bellum
1335 434 1452 471 Galli-

168 496 257 520 cum
295 486 423 523 audita
451 487 699 536 neglectaque
737 495 847 532 esset,
888 488 1029 524 mentio
1056 488 1158 524 illata
1178 500 1186 532 3
1230 487 1451 536 jussumque
1479 495 1496 521 5

167 536 349 585 templum
369 539 408 574 in
428 539 540 576 Nova
559 540 619 576 via
639 540 712 589 Ajo
732 539 892 577 Locutio
912 540 1003 576 fieri.
1061 541 1224 582 Aurum,
1243 539 1343 587 quod
1363 539 1452 575 Gal-

167 587 213 624 lis
232 596 402 637 ereptum
422 598 514 634 erat,
544 592 717 640 quodque
750 605 797 628 ex
829 592 911 628 aliis
943 592 1092 641 templis
1120 592 1217 628 inter
1236 591 1453 639 trepidatio-

168 652 257 676 nem
278 641 317 677 in
337 641 441 679 Jovis
461 643 594 680 cellam
615 644 806 687 collatum,
840 657 968 692 quum,
989 645 1027 680 in
1047 656 1128 692 quae
1149 643 1280 680 referri
1307 650 1452 691 oporte-

167 698 235 738 ret,
256 693 415 731 confusa
434 696 614 732 memoria
633 703 742 741 esset,
764 709 913 732 sacrum
932 709 1045 732 omne
1067 696 1291 744 judicatum,
1325 703 1362 732 et
1381 695 1451 731 sub

168 742 274 780 Jovis
294 747 383 782 sella
416 748 505 796 poni
537 747 696 796 jussum.
752 747 839 783 Jam
870 747 958 784 ante
988 748 1027 784 in
1056 760 1101 783 eo
1128 748 1261 796 religio
1289 747 1452 784 civitatis
1466 756 1496 781 10

166 805 403 843 apparuerat,
436 798 546 846 quod,
577 812 691 847 quum
724 799 761 835 in
781 800 933 848 publico
952 800 1100 836 deesset
1127 812 1275 845 aurum,
1304 811 1351 835 ex
1379 812 1452 847 quo

166 859 314 884 summa
333 857 453 898 pactae
473 851 660 887 mercedis
679 851 798 888 Gallis
818 852 1012 895 confieret,
1033 864 1055 888 a
1073 851 1254 888 matronis
1273 851 1452 888 collatum

165 909 405 948 acceperant,
443 909 484 939 ut
512 916 619 940 sacro
655 916 746 940 auro
775 904 1037 940 abstineretur.
1108 903 1294 940 Matronis
1321 903 1452 952 gratiae

165 958 273 994 actae‚
296 952 487 1003 honosque
515 955 678 999 additus,
699 962 740 992 ut
758 968 900 998 earum,
921 956 1020 992 sicut
1039 955 1214 1002 virorum,
1246 963 1329 1003 post
1355 968 1452 992 mor-

163 1009 238 1038 tem
260 1005 426 1043 solennis
445 1007 611 1043 laudatio
629 1014 739 1044 esset.
797 1008 850 1044 Iis
870 1008 1044 1056 peractis,
1078 1020 1161 1055 quae
1181 1007 1227 1043 ad
1248 1007 1350 1044 Deos
1370 1020 1452 1056 per·
1469 1016 1496 1040 15

164 1053 349 1101 tinebant,
380 1071 537 1107 quaeque
566 1072 632 1108 per
661 1066 833 1096 senatum
854 1060 914 1108 agi
942 1066 1136 1109 poterant;
1183 1066 1262 1096 turn
1283 1059 1450 1103 demum,

164 1106 395 1164 agitantibus
415 1111 576 1148 tribunis
594 1111 742 1159 plebem
764 1112 924 1148 assiduis
952 1112 1215 1155 concionibus,
1236 1118 1289 1155 ut,
1309 1112 1452 1148 relictis

163 1170 294 1207 ru1n1s‚
317 1162 355 1198 in
375 1163 506 1199 urbem
527 1171 707 1211 paratam,
739 1164 868 1212 Vejos,
897 1164 1220 1212 transmigrarent,
1242 1163 1280 1199 in
1300 1164 1453 1201 concio-

164 1221 264 1297 Ifieul,
286 1214 460 1252 universo
478 1222 613 1252 senatu
632 1223 895 1264 prosequente,
928 1216 1113 1259 escendit,
1137 1222 1247 1263 atque
1268 1215 1320 1252 ita
1338 1216 1452 1252 verba

179 1269 279 1299 ecit:
1463 1274 1497 1300 20

218 1368 283 1410 LI.
330 1373 355 1395 “
369 1372 481 1410 Adeo
519 1373 611 1411 mihi
642 1374 789 1411 acerbae
818 1380 919 1417 sunt,
961 1372 1146 1416 Quirites,
1188 1372 1451 1409 contentiones

163 1420 187 1441 “
200 1434 289 1461 cum
308 1425 468 1463 tribunis
487 1426 620 1475 plebis,
639 1434 681 1464 ut
700 1439 772 1463 nec
792 1425 994 1463 tristissimi
1014 1425 1135 1462 exsilii
1155 1424 1327 1461 solatium
1349 1424 1451 1460 aliud

163 1473 186 1493 “
201 1476 411 1524 habuerim,
444 1479 567 1526 quoad
597 1479 736 1515 Ardeae
767 1479 854 1524 vixi,
884 1478 995 1526 quam
1025 1476 1124 1525 quod
1157 1476 1287 1525 procul
1317 1476 1364 1512 ab
1393 1476 1451 1512 his

162 1525 471 1566 “certaminibus
491 1543 616 1567 eram:
645 1538 683 1567 et
700 1531 748 1567 ob
767 1531 899 1567 eadem
922 1530 1017 1572 haec,
1037 1541 1128 1571 non,
1148 1529 1179 1565 si
1198 1540 1258 1564 me
1279 1527 1452 1564 senatus-

162 1577 374 1618 “consulto
405 1582 608 1630 populique
644 1583 750 1631 jussu
789 1581 1027 1626 revocaretis,
1067 1580 1256 1617 rediturus
1284 1588 1496 1627 unquam25

162 1629 186 1651 “
202 1632 348 1670 fuerim.
405 1634 491 1671 Nec
512 1647 615 1670 nunc
631 1647 704 1678 me,
727 1642 766 1671 ut
788 1635 964 1680 redirem,
998 1645 1084 1669 mea
1102 1633 1274 1669 voluntas
1293 1639 1449 1675 mutata,

162 1681 187 1703 “
201 1686 267 1721 sed
288 1694 410 1723 vestra
430 1686 578 1723 fortuna
598 1687 786 1736 perpulit:
816 1686 966 1734 quippe,
998 1695 1039 1722 ut
1068 1685 1106 1721 in
1127 1687 1193 1721 sua
1213 1684 1303 1720 sede
1323 1696 1452 1720 mane-

162 1734 187 1756 “
203 1744 259 1773 ret
278 1739 409 1786 patria,
432 1739 467 1775 id
498 1739 704 1787 agebatur3
751 1751 828 1775 non
864 1746 905 1774 ut
935 1750 1006 1787 ego
1027 1737 1155 1785 utique
1181 1737 1219 1773 in
1240 1736 1360 1785 patria
1393 1749 1451 1773 es-

162 1787 186 1808 “
203 1802 281 1826 sem
301 1803 309 1825 :
356 1798 394 1827 et
414 1803 517 1827 nunc
545 1792 780 1839 quiescerem
801 1803 846 1827 ac
866 1797 1032 1827 tacerem
1067 1790 1238 1834 libenter,
1266 1789 1338 1824 nisi
1368 1789 1450 1824 haec

161 1839 345 1890 “quoque
365 1856 431 1891 pro
460 1843 580 1891 patria
608 1843 802 1880 dimicatio
818 1850 941 1887 esset3
985 1842 1047 1879 cui
1068 1842 1213 1887 deesse,
1232 1840 1354 1888 quoad
1375 1840 1450 1876 vita
1462 1849 1494 1874 3ο

162 1892 185 1913 “
199 1902 384 1942 suppetat,
406 1894 489 1930 aliis
507 1902 628 1942 turpe,
649 1895 810 1931 Camillo
835 1894 947 1930 etiam
969 1894 1076 1929 nefas
1095 1900 1162 1929 est.
1217 1892 1325 1931 Quid
1345 1892 1448 1929 enim

162 1944 450 1994 “repetiimus?
496 1947 586 1994 quid
617 1947 809 1982 obsessam
840 1958 887 1982 ex
920 1945 1081 1982 hostium
1109 1944 1284 1980 manibus
1312 1944 1450 1992 eripui-

163 1995 295 2043 “muS,
316 1998 346 2034 si
366 2006 625 2046 recuperatam
656 1998 723 2046 ipsi
753 1997 988 2033 deserimus?
1023 2004 1060 2032 et
1087 2009 1213 2044 quum,
1245 1997 1449 2033 victoribus

161 2048 185 2070 “
199 2050 331 2096 Gallis,
362 2051 474 2098 capta
505 2051 581 2086 tota
619 2050 725 2095 urbe,
755 2049 985 2097 Capitolium
1023 2055 1150 2084 tamen
1181 2056 1290 2096 atque
1320 2061 1447 2085 arcem

162 2101 340 2149 “Diique
368 2111 406 2138 et
435 2102 606 2139 homines
635 2101 801 2138 Romani
831 2101 1034 2147 tenuerint,
1055 2100 1328 2144 habitaverin13
1371 2100 1493 2137 vic-:35

161 2153 342 2190 “toribus
362 2154 561 2201 Romanis,
581 2154 803 2202 recuperata
823 2153 928 2198 urbe,
958 2165 1022 2189 arx
1049 2165 1196 2201 quoque
1225 2160 1263 2189 et
1295 2152 1448 2201 Capito-

162 2204 292 2241 “lium
312 2206 538 2243 deseretur?
577 2213 615 2243 et
633 2206 717 2255 plus
749 2205 929 2241 vastitatis
951 2204 1039 2241 huic
1072 2204 1154 2241 urbi
1175 2205 1345 2241 secunda
1365 2217 1449 2241 nos-

163 2257 258 2294 “tra
277 2257 426 2295 fortuna
445 2258 569 2301 saciet,
589 2257 701 2306 quam
731 2258 886 2294 adversa
916 2256 1034 2293 fecit?
1090 2256 1291 2305 Equidem,
1324 2257 1356 2293 si
1383 2269 1448 2294 no-

161 2309 188 2332 “
204 2311 258 2345 bis
280 2323 366 2346 cum
388 2310 480 2346 urbe
500 2310 611 2346 simul
631 2310 759 2359 positae
780 2309 1001 2357 traditaeque
1014 2321 1078 2357 per
1094 2321 1229 2345 manus
1244 2309 1446 2358 religiones

161 2362 312 2398 “nullae
332 2370 471 2405 essent,
506 2369 632 2398 tamen
665 2370 739 2398 tarn
773 2362 929 2398 evidens
957 2374 1099 2398 numen
1129 2361 1200 2397 hac
1223 2368 1444 2409 tempestate
1459 2372 1492 2396 4ο

163 2414 312 2450 “rebus
333 2414 438 2451 affuit
459 2415 656 2459 Romanis,
688 2421 729 2450 ut
747 2426 898 2450 ornnem
931 2413 1200 2462 negligentiam
1231 2413 1347 2449 divini
1368 2412 1446 2449 cul-

162 2467 256 2504 “tfis
276 2475 488 2516 exemptam
520 2466 735 2504 hominibus
754 2474 894 2517 putem.
952 2465 1158 2502 Intuemini
1187 2465 1290 2502 enim
1311 2465 1444 2502 horum
