1617 2765
168 201 243 239 142
701 200 791 233 τῐΤι
816 200 928 233 Livu

164 298 189 319 “
207 295 244 331 in
266 308 325 333 me
346 296 510 334 audeant
531 294 703 334 inimici?
754 309 800 333 an
835 297 978 333 exitum
1007 296 1129 333 Cassii
1166 296 1358 346 Maeliique
1384 310 1447 335 ex-

165 353 189 370 “
207 355 374 396 spectem
391 349 406 385 2
462 349 566 386 Bene
588 349 724 395 facitis,
742 345 841 396 quod
863 349 1132 385 abominamini
1149 362 1156 383 :
1190 349 1252 386 Dii
1272 350 1446 399 prohibe-

165 405 188 422 “
206 400 299 437 bunt
320 401 420 438 lime:
454 404 519 438 sed
541 414 734 450 nunquam
754 408 902 450 propter
922 413 981 436 me
1002 401 1048 436 de
1079 401 1175 438 eoelo
1197 402 1442 439 descendent.

166 455 189 474 “
211 452 325 489 Vobis
344 453 435 490 (lent
468 462 646 497 mentem,
672 461 827 502 oportet,
860 462 901 489 ut
930 453 1174 501 prohibeatis:
1225 455 1323 490 sicut
1353 454 1445 490 mihi

165 510 188 526 ‘⁶
205 505 392 542 dederunt
412 513 553 542 armato
583 512 795 555 togatoque,
830 514 869 542 ut
902 518 966 542 vos
986 518 1007 541 a
1027 505 1193 542 barbaris
1212 506 1394 551 hostibus,
1425 519 1446 542 a
1475 517 1491 541 5

163 561 187 579 ‘⁴
205 557 375 605 superbis
404 558 647 595 defenderem
682 558 838 594 civibus.
895 557 994 594 Tam
1028 570 1164 606 parvus
1184 560 1332 594 animus
1352 558 1444 594 tanti

165 615 189 631 ⁶·
208 609 332 657 populi
353 620 424 657 est,
445 621 484 646 ut
504 623 651 659 semper
671 610 774 646 vobis
795 610 973 646 auxilium
995 610 1173 646 adversus
1193 610 1368 646 inimicos
1390 623 1446 646 sa-

163 662 251 698 “tis
270 662 343 706 sit3
392 675 464 699 nec
485 662 614 706 ullum,
648 664 717 698 nisi
747 663 932 710 quatenus
965 662 1139 710 imperari
1166 663 1269 699 vobis
1301 662 1443 708 sinatis,

162 719 186 736 ‘⁸
204 721 396 750 certamen
417 716 596 751 adversus
616 714 746 750 Patres
767 714 927 750 noritis?
985 714 1070 750 Nec
1100 715 1170 751 lioc
1203 715 1337 751 natura
1359 714 1446 750 insi-

163 771 186 787 “
205 772 283 801 tum
305 766 408 802 vobis
426 774 496 813 est,
529 767 594 802 sed
630 779 700 802 usu
733 765 988 814 possidemini.
1046 766 1124 802 Cur
1143 767 1247 802 enim
1268 767 1444 802 adversus
1462 779 1490 803 10

163 823 186 839 “
204 827 380 853 externos
400 826 543 854 tantum
562 818 772 854 animorum
786 818 928 866 geritis,
946 824 985 854 ut
1002 817 1184 866 imperare
1206 818 1277 854 illis
1298 831 1445 866 {equum

163 875 186 890 ‘⁶
204 869 422 906 censeatis?
467 870 554 919 quia
573 869 785 906 consuestis
814 882 902 906 eum
931 869 986 906 eis
1006 882 1071 918 pro
1102 869 1257 918 imperio
1287 878 1445 917 certare,

161 923 185 940 “
203 921 380 958 adversus
401 922 467 959 lios
486 929 631 959 tentare
652 922 785 971 magis,
815 921 927 970 quam
958 922 1066 968 tueri,
1088 921 1310 958 libertatem.
1368 922 1446 959 Ta-

162 979 187 995 *‘
206 986 293 1009 men
330 975 625 1022 qualescumque
662 975 780 1010 duces
810 974 1004 1020 habuistis,
1042 974 1335 1022 qualescumque
1376 975 1444 1023 ipsi

161 1031 185 1047 ⁶·
204 1025 338 1071 fuistis,
367 1027 496 1063 onmia
525 1027 663 1070 adbuc,
697 1034 1000 1075 quantacumque
1029 1026 1184 1074 petistiS,
1213 1027 1490 1070 obtinuistis,15

159 1079 183 1100 ‘⁴
201 1090 268 1113 seu
302 1078 349 1121 vi,
387 1091 454 1114 seu
490 1078 638 1115 fortuna
674 1079 807 1115 vestra.
865 1079 1036 1127 Tempus
1064 1085 1131 1123 est,
1161 1079 1274 1114 etiam
1306 1079 1445 1128 majora

160 1133 185 1152 ‘⁶
201 1130 342 1167 conari.
400 1130 633 1179 Experimini
664 1130 774 1167 modo
803 1137 840 1167 et
860 1138 1021 1167 vestram
1054 1130 1284 1176 felicitatem,
1315 1139 1351 1167 et
1384 1143 1444 1167 me

161 1187 185 1204 “
205 1184 264 1224 (ut
283 1183 408 1233 spero)
432 1183 589 1219 feliciter
609 1190 804 1231 expertum
822 1195 830 1219 :
860 1182 1004 1219 minore
1021 1183 1184 1231 negotio,
1204 1183 1266 1231 qui
1289 1183 1445 1231 imperet

161 1239 186 1256 ‘⁶
208 1233 388 1280 Patribus,
428 1234 641 1283 imponetis,
674 1235 799 1283 quam,
829 1235 891 1283 qui
914 1235 1130 1271 resisterent
1158 1235 1444 1283 imperantibus,

161 1291 185 1308 “
204 1285 445 1334 imposuistis.
503 1287 592 1323 Solo
611 1287 804 1335 aeqtlandae
823 1294 911 1323 sunt
927 1287 1122 1323 dictaturze
1140 1287 1444 1335 consulatusque,
1457 1300 1490 1325 20

163 1344 187 1360 “
206 1345 246 1374 ut
262 1345 375 1386 caput
395 1338 563 1375 attollere
585 1339 762 1376 Romana
782 1339 910 1387 plebes
930 1340 1056 1387 possit.
1115 1339 1277 1375 Proinde
1291 1339 1418 1375 adeste
1435 1353 1444 1384 ;

161 1396 185 1413 “
201 1390 396 1438 prohibete
414 1391 477 1440 jus
495 1391 542 1427 de
562 1391 735 1440 pecuniis
755 1391 853 1427 dici:
896 1404 966 1440 ego
993 1403 1052 1427 me
1082 1398 1279 1440 patronum
1300 1391 1446 1439 profite-

160 1448 186 1465 “
201 1455 242 1478 or
274 1442 406 1491 plebis,
435 1444 533 1491 quod
564 1443 656 1479 mihi
694 1456 786 1480 cura
823 1456 907 1479 mea
943 1450 980 1479 et
1008 1443 1102 1479 fides
1138 1455 1276 1479 nornen
1312 1443 1444 1479 induit.

161 1494 282 1531 “Vos
301 1495 424 1543 siquo
454 1495 593 1544 insigni
625 1496 745 1544 magis
778 1495 923 1543 imperii
955 1495 1152 1531 honorisve
1182 1495 1335 1531 nomine
1367 1507 1447 1531 ves-

161 1552 185 1569 “
203 1555 298 1582 trum
321 1547 554 1595 appellabitis
575 1547 723 1592 ducem,
741 1560 787 1584 eo
806 1547 963 1583 utemini
984 1547 1193 1595 potentiore
1206 1547 1251 1582 ad
1272 1546 1444 1583 obtinen-
1457 1560 1490 1584 τι

161 1604 185 1621 ‘·
202 1598 251 1634 da
270 1611 327 1642 ea,
348 1611 430 1647 quaa
452 1599 600 1636 vultis.'’
657 1599 753 1635 Inde
774 1599 820 1635 de
841 1612 960 1648 regno
981 1599 1118 1648 agendi
1144 1606 1266 1635 ortum
1297 1598 1445 1635 initium

159 1650 324 1687 dicitur:
367 1652 433 1688 sed
455 1664 526 1688 nec
547 1664 633 1688 cum
667 1652 817 1700 quibuS,
851 1664 924 1688 nec
954 1663 1065 1700 quem
1087 1651 1133 1688 ad
1154 1650 1267 1687 finem
1288 1650 1447 1688 consilia

161 1703 415 1752 pervenerint,
435 1711 491 1741 sat
511 1703 665 1753 planum
685 1704 855 1741 traditur.

212 1808 326 1845 Xlx.
358 1809 411 1846 At
430 1809 469 1846 in
489 1819 593 1859 parte
614 1810 731 1847 altera
749 1816 903 1847 senatus
922 1810 969 1846 de
985 1809 1211 1855 secessione,
1233 1809 1270 1845 in
1291 1809 1444 1845 domum

161 1860 360 1909 privatam,
381 1862 513 1910 plebis,
536 1862 627 1899 forte
658 1863 771 1899 etiam
803 1863 841 1899 in
863 1875 949 1899 arce
970 1862 1142 1911 positam,
1173 1868 1212 1898 et
1231 1861 1443 1898 imminenti
1458 1876 1490 1901 30

159 1912 258 1949 mole
296 1912 472 1960 libertati,
504 1914 631 1963 agitat.
700 1914 844 1962 Magna
877 1927 961 1962 pars
991 1914 1256 1959 vociferantur,
1287 1913 1446 1950 Servilio

160 1964 285 2001 Ahala
306 1977 401 2013 opus
419 1978 514 2011 esse,
536 1966 597 2014 qui
630 1978 717 2009 non,
753 1966 790 2002 in
823 1966 974 2002 vincula
993 1965 1080 2001 duci
1110 1965 1292 2013 jubendo,
1328 1965 1442 2001 irritet

159 2017 354 2065 publicum
377 2018 534 2064 hostem,
556 2018 621 2054 sed
655 2018 767 2054 unius
793 2017 941 2067 jactura
971 2017 1063 2054 civis
1094 2017 1199 2054 finiat
1224 2017 1444 2054 intestinum

159 2069 311 2106 bellurn.
367 2069 590 2106 Decurritur
611 2070 656 2106 ad
677 2070 856 2106 leniorem
879 2070 1000 2106 verbis
1029 2070 1270 2117 sententiam,
1298 2069 1371 2105 vim
1392 2079 1446 2106 ta-

158 2133 246 2158 men
266 2122 439 2159 eamdem
461 2123 677 2165 habentem,
708 2127 732 2145 ‘'¹-
746 2122 796 2159 Ut
816 2122 968 2158 videant
998 2122 1250 2171 magistratus,
1282 2134 1329 2158 ne
1355 2121 1444 2170 quid
1458 2137 1490 2162 :35

158 2178 183 2197 ⁶·
200 2186 246 2210 ex
281 2175 503 2222 perniciosis
537 2175 705 2211 consiliis
736 2174 790 2211 M.
823 2173 957 2210 Manlii
996 2174 1209 2223 respublica
1229 2174 1445 2210 detrimenti

158 2229 182 2249 “
200 2226 364 2274 capiat.”
420 2227 524 2263 Tum
545 2227 683 2263 tribuni
704 2226 891 2263 consulari
913 2233 1107 2275 potestate,
1136 2226 1349 2274 tribunique
1369 2226 1446 2274 ple·

160 2278 218 2315 bei
241 2279 344 2326 (nam
366 2286 415 2322 et,
437 2279 525 2327 quia
543 2279 721 2316 eumdem
740 2285 778 2315 et
796 2291 873 2315 sum
903 2279 1108 2327 potestatis,
1129 2291 1240 2327 quem
1263 2278 1445 2314 libertatis

157 2331 341 2376 omnium,
359 2330 473 2367 finem
494 2332 714 2374 cernebant,
736 2331 887 2367 Patrum
909 2331 1120 2367 auctoritati
1133 2344 1173 2367 se
1187 2331 1444 2379 dediderant),

159 2382 197 2419 hi
217 2389 295 2420 tum
316 2395 461 2429 omnes,
482 2383 570 2431 quid
590 2395 683 2431 opus
706 2383 802 2420 sacto
821 2383 880 2426 sit,
916 2383 1142 2420 consultant.
1198 2382 1332 2422 Quum
1353 2394 1444 2430 prae-
1456 2397 1491 2422 ⁴0

158 2442 215 2472 ter
235 2435 308 2472 vim
328 2442 365 2471 et
385 2436 528 2471 caedem
551 2436 642 2472 nibil
677 2435 850 2483 cuiquam
882 2443 1110 2478 occurreret,
1131 2448 1214 2472 eam
1235 2442 1358 2471 autem
1391 2434 1445 2470 in-

157 2487 282 2538 gentis
312 2487 566 2524 dimicationis
601 2488 677 2524 sore
708 2495 901 2537 appareret
924 2503 931 2532 3
991 2496 1070 2524 tum
1106 2487 1160 2524 M.
1200 2486 1366 2524 Maenius
1407 2493 1444 2524 et
