1617 2765
611 208 749 239 LIBER
773 207 810 237 V.
849 217 925 238 cAP.
943 217 998 237 xL.
1370 211 1439 247 121

164 317 238 354 quo
257 311 494 342 accesserant
516 303 561 338 ad
580 302 708 338 urbem
732 301 945 350 (mansuros
964 300 1064 336 enim
1083 300 1130 336 ad
1153 301 1290 338 Alliam
1314 301 1440 346 fuisse,

165 357 236 393 nisi
257 358 328 393 hoc
347 356 493 392 consilii
512 354 621 403 foret)
641 367 650 397 3
681 354 817 390 deinde
834 354 902 389 sub
918 365 1093 389 occasum
1116 353 1216 395 solis,
1236 354 1322 400 quia
1343 355 1440 391 haud

165 409 324 444 multum
345 407 420 443 diei
441 413 646 455 supererat,
668 413 753 441 ante
784 413 933 441 noctem
954 405 1021 440 rati
1043 418 1081 440 se
1102 405 1319 448 invasuros3
1363 414 1440 443 tuni

164 459 202 495 in
222 466 370 495 noctem
391 458 546 494 dilatum
566 457 764 493 consilium
785 470 881 503 esse,
896 455 968 504 qus>
987 457 1069 504 plus
1084 456 1228 504 pavoris
1248 457 1439 494 inferrent.

135 524 151 548 5
165 510 355 547 Postremo
373 510 436 546 lux
456 509 760 558 appropinquans
779 509 993 545 exanimare
1012 521 1019 544 ε
1050 509 1246 556 timorique
1263 518 1441 557 perpetuo

164 562 284 610 ipsum
305 562 441 598 malum
464 561 664 598 continens
685 561 764 605 fuit,
785 573 899 609 quum
929 560 1038 609 signa
1068 561 1203 596 infesta
1221 561 1336 609 portis
1355 571 1439 598 sunt

163 613 275 650 illata.
331 614 580 662 Nequaquam
601 621 726 649 tamen
746 613 792 648 ea
824 620 947 656 nocte,
982 625 1104 660 neque
1134 613 1345 660 insequenti
1366 614 1439 656 die,

162 665 294 701 similis
314 666 379 710 illi,
399 678 481 714 quae
502 665 547 701 ad
568 665 708 701 Alliam
738 672 813 701 tam
844 664 973 713 pavide
1006 664 1163 713 fugerat,
1194 665 1326 701 civitas
1361 665 1439 702 fuit.

162 716 263 753 Nam
282 730 397 765 quum
427 717 579 753 defendi
612 717 741 753 urbem
762 729 882 765 posse,
913 724 987 753 tam
1018 717 1130 765 parva
1164 717 1293 753 relicta
1314 730 1440 763 manu,

120 782 149 806 ιο
163 781 247 817 spes
266 770 369 805 nulla
387 778 498 812 esset,
515 769 668 817 placuit,
688 782 775 804 cum
809 768 1035 817 conjugibus
1064 782 1108 805 ac
1140 769 1280 815 liberis,
1311 770 1441 818 juven-

164 828 281 857 tutem
297 819 498 857 militarem
530 821 758 868 senatusque
785 821 896 857 robur
917 821 954 856 in
984 833 1109 857 arcem
1139 821 1440 869 Capitoliumque

163 874 374 909 concedere
391 886 399 917 ;
443 873 628 921 armisque
648 882 685 909 et
704 873 891 909 frumento
910 873 1067 916 collatis,
1088 885 1133 909 ex
1153 873 1235 909 loco
1255 873 1341 909 inde
1362 887 1442 910 mu-

162 925 241 961 nito
271 925 372 961 Deos
413 925 658 972 hominesque
697 933 734 960 et
773 925 990 960 Romanum
1031 938 1169 961 nomen
1210 925 1413 962 defendere
1433 939 1439 962 ;

162 975 376 1012 Flaminem
395 976 682 1023 sacerdotesque
712 976 885 1011 Vestales
917 989 1024 1012 sacra
1044 977 1195 1024 publica
1214 989 1235 1012 a
1253 978 1372 1020 caede,
1394 979 1440 1013 ab

117 1040 149 1065 15
162 1027 350 1063 incendiis
368 1027 497 1076 procul
531 1027 675 1063 auferre
693 1040 703 1072 ς
750 1040 823 1063 nec
856 1028 940 1063 ante
974 1028 1096 1064 deseri
1127 1028 1268 1064 cultum
1299 1041 1440 1073 eorum,

160 1078 273 1127 quam
294 1092 368 1115 non
388 1087 638 1128 superessent,
658 1080 720 1127 qui
741 1079 920 1116 colerent.
978 1080 1019 1116 Si
1039 1093 1104 1116 arx
1124 1080 1438 1129 Capitoliumque,

162 1132 272 1167 sedes
292 1131 474 1174 Deorum,
495 1132 525 1168 si
546 1138 712 1174 senatus,
733 1139 847 1180 caput
865 1132 1006 1180 publici
1023 1132 1185 1174 consilii,
1220 1133 1249 1169 si
1271 1133 1440 1170 militaris

156 1182 333 1231 juventus
352 1183 575 1231 superfuerit
609 1184 819 1220 imminenti
849 1184 967 1220 ruinae
1001 1184 1115 1227 urbis,
1151 1183 1298 1221 facilem
1321 1185 1441 1234 jactu-

161 1248 239 1271 ram
259 1248 341 1271 esse
369 1235 572 1279 seniorum,
593 1236 733 1272 relictae
767 1236 804 1272 in
834 1236 928 1272 urbe
958 1236 1083 1284 utique
1104 1237 1275 1284 periturae
1295 1238 1412 1273 turbae
1431 1251 1439 1273 ε

115 1300 148 1324 20
161 1295 211 1333 et,
230 1286 302 1336 quo
331 1284 368 1323 sd
394 1288 556 1336 aequiore
576 1288 702 1324 animo
730 1288 776 1324 de
805 1288 914 1336 plebe
943 1289 1143 1325 multitudo
1174 1289 1297 1334 ferret,
1330 1302 1440 1326 senes

161 1339 405 1388 triumphales
436 1340 725 1388 consularesque
755 1340 864 1376 simul
894 1353 933 1376 se
953 1341 1133 1377 cumillis
1161 1341 1283 1389 palam
1313 1342 1439 1378 dicere

160 1391 352 1435 obituros3
391 1404 463 1428 nec
498 1392 554 1428 his
584 1393 814 1440 corporibus,
843 1393 978 1440 quibus
998 1406 1073 1429 non
1103 1406 1206 1429 arma
1235 1394 1343 1440 ferre,
1363 1407 1438 1431 non

160 1443 255 1479 tueri
275 1443 434 1492 patriam
455 1451 619 1492 possent,
640 1452 859 1481 oneraturos
878 1445 1042 1494 inopiam
1063 1453 1303 1482 armatorum.

211 1546 296 1584 XL.
343 1547 440 1584 Haec
459 1547 554 1584 inter
575 1549 741 1585 seniores
761 1549 867 1585 morti
898 1549 1103 1586 destinatos
1127 1549 1269 1599 jactata
1296 1550 1438 1588 solatia.

112 1607 146 1633 25
159 1598 289 1635 Versae
309 1599 397 1636 inde
416 1601 694 1637 adhortationes
723 1601 768 1637 ad
799 1614 936 1650 agmen
965 1602 1161 1650 juvenum,
1190 1615 1281 1650 quos
1310 1602 1347 1639 in
1369 1603 1440 1639 Ca-

159 1650 328 1698 pitolium
349 1658 459 1699 atque
479 1652 516 1688 in
537 1665 661 1689 arcem
681 1654 1013 1701 prosequebantur,
1041 1655 1352 1691 commendantes
1372 1656 1439 1692 vir-

161 1702 229 1738 tuti
254 1714 384 1739 eorum
411 1704 648 1752 juventaeque
678 1705 780 1741 urbis
799 1718 864 1754 per
892 1713 1081 1742 trecentos
1100 1707 1296 1755 sexaginta
1318 1720 1438 1743 annos

159 1754 334 1791 omnibus
355 1755 460 1791 bellis
481 1756 656 1799 victricis,
677 1769 923 1805 quaecumque
943 1758 1085 1806 reliqua
1104 1766 1216 1801 esset,
1236 1758 1435 1795 fortunam.

160 1804 483 1854 Digredientibus,
516 1808 578 1855 qui
611 1821 716 1856 spem
736 1821 887 1845 omnem
918 1816 1026 1857 atque
1055 1823 1164 1858 opem
1194 1823 1323 1846 secum
1345 1811 1438 1847 fere-

113 1871 145 1897 so
159 1857 260 1901 bant,
281 1858 328 1894 ab
348 1859 406 1906 iis,
426 1860 488 1907 qui
508 1867 627 1908 captae
648 1861 750 1897 urbis
769 1874 844 1897 non
864 1874 1059 1909 superesse
1081 1870 1288 1899 statuerant
1299 1864 1436 1908 exitio:

156 1922 270 1957 quum
302 1910 383 1959 ipsa
414 1923 473 1947 res
500 1912 719 1960 speciesque
753 1913 976 1950 miserabilis
1009 1921 1100 1957 erat,
1135 1922 1214 1950 tum
1244 1915 1436 1951 muliebris

156 1961 264 1998 fletus
283 1969 321 1999 et
339 1964 578 2000 concursatio
591 1963 748 2008 incerta,
769 1978 872 2001 nunc
889 1966 955 2002 hos
972 1978 1074 2002 nunc
1087 1966 1168 2003 illos
1183 1968 1434 2015 sequentium,

155 2014 470 2063 rogitantiumque
489 2015 586 2052 viros
605 2018 872 2065 natosque‚cui
893 2031 931 2054 se
954 2018 1027 2054 fato
1044 2019 1189 2062 darent,
1210 2019 1317 2062 nihil,
1338 2020 1434 2068 quod

156 2065 330 2103 humanis
362 2075 574 2116 superesset
602 2068 720 2115 malis,
759 2069 1032 2118 relinquebant.
1090 2071 1235 2120 Magna
1267 2084 1351 2119 pars
1383 2079 1436 2108 ta-

111 2130 242 2157 35men
261 2131 390 2155 earum
410 2120 449 2156 in
482 2132 609 2156 arcem
628 2133 715 2157 suos
743 2129 951 2170 prosecutae
981 2130 1080 2168 sunt,
1110 2136 1183 2160 nec
1211 2124 1434 2172 prohibente

157 2169 240 2214 ullo,
261 2183 334 2207 nec
367 2179 549 2216 vocante;
591 2173 688 2220 quia,
708 2175 806 2221 quod
827 2174 917 2210 utile
936 2175 1097 2211 obsessis
1113 2176 1159 2212 ad
1189 2176 1433 2212 minuendam

156 2221 344 2258 imbellem
377 2223 669 2268 multitudinem,
703 2225 740 2262 id
772 2239 903 2275 parum
943 2225 1150 2263 humanum
1184 2235 1274 2265 erat.
1331 2229 1432 2272 Alia,

155 2273 316 2309 maxime
337 2274 467 2322 plebis,
498 2277 617 2322 turba,
637 2290 748 2325 quam
770 2291 841 2314 nec
871 2290 1006 2327 capere
1032 2288 1107 2316 tam
1136 2280 1296 2329 exiguus
1316 2281 1432 2326 collis,

155 2337 227 2361 nec
247 2325 346 2362 alere
367 2326 403 2362 in
424 2329 529 2364 tanta⁴
559 2329 681 2378 inopia
711 2331 887 2367 frumenti
916 2339 1073 2379 poterat,
1106 2345 1153 2368 ex
1181 2332 1274 2369 urbe
1301 2333 1431 2375 effusa,

110 2377 254 2418 40velut
274 2378 423 2426 agmine
440 2378 517 2427 jam
537 2393 622 2426 uno,
643 2382 749 2429 petiit
767 2382 1009 2420 Janiculum:
1039 2384 1127 2420 inde
1147 2397 1232 2433 pars
1248 2398 1312 2433 per
1325 2397 1434 2433 agros

153 2429 299 2478 dilapsi,
320 2442 404 2478 pars
424 2431 534 2466 urbes
552 2440 684 2479 petunt
713 2434 904 2478 finitimas,
939 2436 1020 2472 sine
1052 2437 1126 2473 ullo
1145 2437 1243 2473 duce
1264 2444 1326 2472 aut
1345 2449 1433 2472 con-

153 2493 278 2528 sensu,
300 2494 404 2519 suam
425 2483 580 2531 quisque
600 2497 717 2532 spem,
744 2499 812 2522 sua
831 2488 1001 2535 consilia,
1022 2489 1287 2525 communibus
1307 2488 1433 2535 deplo-
