1617 2765
163 217 233 254 110
708 214 800 245 Tiri
823 214 934 245 mvn

159 309 340 346 “simus:
369 321 455 356 nec,
478 321 539 345 vos
560 306 650 357 (nisi
671 308 708 344 in
730 308 996 345 contumeliam
1014 307 1333 357 ignominiamque
1353 320 1437 345 nos·

161 367 293 397 “tram
313 369 456 398 certare
472 361 595 410 juvat)
616 360 714 408 quod
735 360 984 406 contendatis,
1004 360 1205 408 quidquam
1221 367 1288 395 est.

210 464 257 501 V.
289 470 312 487 ‘⁸
330 465 519 512 Denique,
539 463 663 500 utrum
683 464 835 500 tandem
855 464 982 513 populi
998 463 1178 510 Romani,
1194 475 1241 499 an
1258 470 1435 509 vestrum,

158 522 385 552 “summum
418 517 617 564 imperium
654 516 740 552 est?
796 516 969 564 Regibus
997 516 1152 562 exactis,
1173 516 1302 551 utrum
1332 516 1437 551 vobis

158 568 414 614 “dominatio,
435 580 482 603 an
503 568 678 604 omnibus
711 580 815 615 aequa
848 568 999 604 libertas
1018 575 1123 616 parta
1141 575 1198 603 est
1214 568 1227 602 'l
1278 567 1437 615 Oportet
1465 582 1482 606 5

157 619 309 656 “licere
330 620 465 668 populo
486 619 673 665 Romano,
694 632 723 655 Sl
744 620 844 662 velit,
860 620 993 668 jubere
1014 620 1166 668 legem?
1196 631 1257 665 an,
1278 628 1319 654 ut
1337 630 1436 666 quae·

157 678 181 694 ‘⁶
194 684 266 719 que
286 672 429 720 rogatio
444 672 679 719 promulgata
699 671 779 716 erit,
801 684 864 707 vos
884 671 1072 707 delectum
1092 684 1158 719 pro
1177 671 1290 718 poena
1305 671 1437 706 decer-

158 729 181 746 “
198 724 321 759 netis?
365 730 414 769 et,
435 722 545 759 simul
566 736 636 771 ego
656 722 829 758 tribunus
858 735 991 758 vocare
1024 723 1142 758 tribus
1162 722 1199 758 in
1216 722 1436 770 suffragium

157 781 180 798 “
194 787 357 822 coepero,
380 784 418 810 tu
439 775 562 810 statim
583 774 712 809 consul
730 782 966 809 sacramento
982 774 1150 822 juniores
1169 774 1311 822 adiges,
1341 780 1378 809 et
1398 774 1435 809 in

194 833 317 861 castra
351 826 523 861 educes'!
570 833 608 861 et
628 825 830 861 minaberis
859 825 972 873 plebi,
1007 825 1211 861 minaberis
1249 825 1401 861 tribuno
1421 826 1435 860 ’Β
1453 840 1483 864 10

171 877 313 922 ‘Quid,
334 877 364 912 si
385 890 472 922 non,
493 878 671 925 quantum
692 877 771 913 istae
792 877 903 913 minae
937 878 1114 913 adversus
1140 876 1261 924 plebis
1281 889 1439 913 consen-

156 936 180 952 “
194 941 276 965 sum
297 929 473 974 valerent,
496 929 551 964 bis
579 929 656 977 jam
688 929 830 978 experti
860 929 1022 965 essetis?
1079 928 1247 974 Scilicet,
1267 929 1354 976 quia
1374 941 1439 965 no-

157 987 180 1004 “
197 981 252 1016 bis
273 980 485 1017 consultum
507 980 697 1025 volebatis,
731 982 938 1017 certamine
971 980 1234 1016 abstinuistis?
1283 993 1330 1016 an
1353 981 1438 1017 ideo

157 1039 180 1056 ‘⁶
195 1045 270 1068 non
291 1040 347 1068 est
367 1032 599 1076 dimicatum,
620 1031 734 1080 quod,
755 1045 836 1080 quae
858 1045 943 1081 pars
964 1032 1116 1077 firmior,
1135 1032 1269 1068 eadem
1290 1032 1437 1068 modes-

156 1084 264 1120 “tior
298 1084 397 1120 fuit?
455 1084 538 1120 Nec
572 1096 674 1120 nunc
704 1084 774 1120 erit
809 1092 1015 1130 certamen,
1044 1083 1217 1122 Quirites
1235 1097 1243 1119 ε
1291 1084 1436 1120 animos
1452 1098 1482 1123 15

157 1142 181 1159 ‘⁴
195 1143 334 1171 vestros
353 1136 404 1171 illi
425 1136 624 1172 tentabunt
656 1148 813 1184 semper,
842 1136 937 1172 vires
957 1149 1031 1172 non
1052 1136 1306 1184 experientur.
1364 1135 1438 1171 Ita-

157 1194 181 1210 “
195 1200 267 1235 que
288 1188 334 1223 ad
357 1188 454 1223 bella
472 1187 553 1231 ista,
575 1199 641 1222 seu
663 1187 754 1223 falsa
773 1200 840 1224 seu
871 1200 957 1224 vera
978 1196 1079 1233 sunt,
1100 1188 1289 1233 consules,
1309 1195 1439 1244 parata

157 1239 299 1275 “vobis
319 1239 448 1286 plebes
467 1245 534 1284 est,
556 1238 600 1281 si,
621 1239 822 1275 connubiis
851 1240 1018 1284 redditis,
1051 1252 1164 1275 unam
1191 1239 1290 1274 hanc
1311 1239 1439 1275 civita-

157 1297 270 1327 “tem
300 1291 453 1326 tandem
484 1290 633 1326 facitis
624 1318 634 1334 ,
691 1291 721 1326 si
755 1291 980 1335 coalescere,
1014 1291 1043 1327 si
1076 1290 1184 1339 jungi
1213 1290 1438 1337 miscerique

157 1349 181 1366 “
197 1342 300 1379 vobis
319 1342 472 1390 privatis
491 1342 837 1378 necessitudinibus
863 1350 1016 1391 possunt
1034 1355 1042 1387 ;
1087 1342 1117 1378 si
1137 1354 1234 1390 spes,
1265 1342 1295 1377 si
1316 1342 1438 1378 aditus
1450 1356 1483 1381 ρο

158 1401 182 1418 “
196 1395 242 1430 ad
264 1395 422 1430 honores
441 1394 529 1430 viris
548 1394 709 1430 strenuis
728 1402 765 1430 et
785 1394 940 1431 fortibus
960 1395 1067 1431 datur
1085 1407 1094 1438 3
1124 1394 1155 1430 si
1176 1394 1214 1430 in
1235 1393 1436 1437 consortio,

156 1447 224 1482 “si
245 1446 283 1482 in
318 1447 497 1482 societate
530 1446 748 1494 reipublieae
780 1459 876 1492 esse,
910 1447 954 1493 si,
983 1447 1081 1494 quod
1111 1458 1226 1493 aequae
1255 1445 1437 1482 libertatis

157 1505 261 1543 “est,
283 1498 446 1534 invicem
466 1498 602 1534 annuis
622 1498 901 1546 magistratibus
933 1510 1063 1546 parere
1093 1505 1203 1545 atque
1225 1498 1436 1545 imperitare

158 1549 294 1585 “licet.
353 1550 393 1585 Si
423 1550 504 1585 haec
533 1550 713 1597 impediet
733 1550 878 1597 aliquis,
909 1549 1000 1586 ferte
1021 1549 1267 1593 sermonibus,
1288 1556 1326 1585 et
1345 1548 1437 1585 mul-

157 1601 360 1649 “tiplicate
381 1601 480 1637 fama
501 1601 617 1644 bella;
661 1613 773 1637 nemo
801 1609 857 1637 est
887 1614 1024 1637 nomen
1055 1601 1220 1645 daturus,
1251 1613 1363 1636 nemo
1383 1613 1483 1640 δι’-95

157 1660 181 1676 “
195 1665 256 1689 ma
294 1661 484 1701 capturus,
522 1665 633 1689 nemo
670 1653 916 1689 dimicaturus
953 1666 1019 1701 pro
1060 1652 1231 1700 superbis
1260 1652 1435 1697 dominis,

157 1711 282 1741 “cum
315 1705 451 1752 quibus
480 1717 552 1740 nec
584 1704 623 1740 in
652 1717 691 1740 re
721 1704 869 1753 publica
899 1705 1096 1751 honorum,
1125 1716 1198 1740 nec
1227 1704 1266 1740 in
1295 1704 1437 1752 privata

153 1764 180 1780 ·‘
194 1756 374 1793 connubii
395 1756 556 1793 societas
575 1756 671 1793 est.”

208 1860 277 1897 VI.
306 1860 441 1899 Quum
461 1860 500 1897 in
520 1860 743 1898 concionem
766 1867 803 1897 et
822 1861 997 1897 consules
1015 1860 1298 1909 processissent,
1319 1866 1356 1896 et
1375 1871 1435 1896 res
1448 1874 1480 1899 30

157 1926 178 1949 a
197 1912 387 1961 perpetuis
419 1912 651 1948 orationibus
670 1913 709 1948 in
729 1912 1013 1949 altercationem
1041 1912 1232 1956 vertisset;
1281 1911 1435 1948 interro-

155 1965 259 2014 ganti
279 1965 441 2009 tribuno,
464 1970 487 1986 ⁴⁴
501 1977 568 2000 cur
588 1963 776 2012 plebejum
792 1964 987 2000 consulem
1004 1964 1083 2000 fieri
1097 1975 1171 1999 non
1187 1970 1374 2011 oporteret
1386 1965 1400 1999 ’ἕ
1412 1965 1433 1980 ”

157 2024 197 2053 ut
226 2016 380 2053 fortasse
409 2015 508 2061 vere,
529 2015 584 2052 sic
612 2028 743 2064 parum
766 2015 903 2051 utiliter
924 2016 961 2051 in
982 2027 1147 2063 praesens
1166 2022 1358 2051 certamen
1379 2027 1437 2052 re-

156 2069 317 2117 spondit,
340 2075 363 2090 “
381 2067 477 2116 qudd
495 2080 605 2104 nemo
624 2067 792 2116 plebejus
812 2067 979 2116 auspicia
992 2067 1170 2111 haberet;
1200 2067 1358 2114 ideoque
1374 2067 1438 2103 de-

159 2128 182 2144 ‘⁶
197 2120 381 2156 cemviros
410 2120 641 2156 connubium
676 2119 884 2165 diremisse,
905 2132 952 2155 ne
973 2119 1116 2156 incerta
1136 2119 1238 2167 prole
1269 2119 1437 2166 auspicia

158 2179 182 2195 ‘⁴
196 2172 472 2209 turbarentur.'’
528 2171 663 2208 Plebes
683 2172 728 2207 ad
750 2171 786 2207 id
813 2171 973 2207 maxime
1005 2171 1265 2220 indignatione
1284 2171 1435 2216 exarsit,
1449 2186 1481 2212 35

156 2223 256 2272 quod
277 2224 477 2272 auspicari,
497 2231 685 2272 tamquam
707 2223 814 2260 invisi
846 2223 928 2260 Diis
947 2222 1232 2269 immortalibus,
1253 2235 1437 2271 negaren-

157 2282 215 2313 tur
235 2288 368 2324 posse:
415 2287 488 2312 nec
508 2276 593 2312 ante
611 2276 695 2312 finis
724 2276 1009 2312 contentionum
1044 2275 1113 2311 suit
1151 2275 1283 2323 (quum
1315 2282 1353 2311 et
1375 2275 1438 2311 tri-

157 2328 302 2364 bunum
323 2328 547 2364 acerrimum
569 2335 759 2364 auctorem
779 2327 909 2385 plebes
928 2334 1040 2364 nacta
1060 2334 1170 2371 esset,
1192 2334 1229 2363 et
1249 2327 1328 2375 ipsa
1347 2339 1435 2363 cum

159 2393 204 2417 eo
236 2379 444 2428 pertinacia
480 2381 671 2430 certaret),
703 2392 813 2427 quam
844 2380 931 2416 victi
961 2379 1114 2416 tandem
1148 2379 1291 2425 Patres,
1322 2386 1360 2414 ut
1388 2378 1435 2414 de

159 2432 350 2469 connubio
384 2431 549 2476 ferretur,
580 2432 826 2468 consensere:
868 2432 918 2468 ita
950 2430 1113 2468 maxime
1141 2431 1210 2468 rati
1230 2429 1436 2467 contentio-
1449 2447 1481 2472 ,ω

159 2496 247 2520 nem
267 2484 313 2520 de
333 2483 489 2533 plebejis
518 2483 736 2520 consulibus
765 2484 935 2520 tribunos
964 2491 1027 2521 aut
1055 2490 1168 2520 totam
1190 2482 1435 2531 deposituros,
