1617 2765
540 183 676 214 LIBER
699 182 842 213 xxvn.
874 192 955 214 cn.
980 193 1029 212 m.
1383 184 1455 221 231

179 280 353 317 nuntium
368 277 610 327 impertirent.
641 277 818 324 Senatus,
830 275 928 325 quod
946 276 999 313 M.
1017 274 1147 312 Livius
1162 282 1200 311 et
1212 275 1256 312 C.
1274 276 1458 313 Claudius

179 332 365 374 consules,
403 330 583 366 incolumi
613 330 795 376 exercitu,
835 330 972 365 ducem
1016 328 1177 364 hostium
1216 327 1459 376 legionesque

177 384 420 430 occidissent,
466 381 777 431 supplicationem
825 381 862 418 in
910 381 1076 418 triduum
1121 379 1288 416 decrevit
1309 392 1316 423 ;
1373 393 1458 416 eam

177 435 489 484 supplicationem
526 434 570 470 C.
603 433 788 470 Hostilius
824 440 958 482 praetor
996 445 1061 482 pro
1099 431 1286 469 concione
1313 432 1430 468 edixit
1450 445 1458 477 3

148 487 439 535 5celebrataque
468 499 490 523 a
517 486 606 522 viris
634 486 871 534 soeminisque
900 493 966 522 est.
1041 484 1184 521 Omnia
1225 483 1364 532 templa
1393 497 1460 532 per

176 546 295 576 toturn
328 539 491 576 triduum
525 538 705 586 aequalem
727 539 873 574 turbam
895 538 1091 575 habuere:
1137 549 1254 585 quum
1282 542 1461 572 matronae

176 592 405 640 amplissima
425 598 526 628 veste
547 603 633 627 curn
654 590 795 637 liberis,
811 590 968 639 perinde
988 603 1033 626 ac
1053 590 1083 626 si
1103 589 1332 625 debellatum
1354 588 1460 632 foret,

174 644 278 680 omni
298 644 428 680 solutae
448 650 563 687 metu,
585 643 677 680 Deis
710 643 983 681 immortalibus
1002 649 1128 692 grates
1157 647 1323 690 agerent.
1381 641 1463 677 Sta-

175 703 253 732 tum
273 709 420 744 quoque
440 697 601 733 civitatis
628 709 674 733 ea
702 697 856 734 victoria
875 695 1013 742 niovit3
1057 702 1097 733 ut
1122 694 1198 743 jam
1231 693 1333 741 inde,
1361 693 1461 729 haud

134 757 162 781 ιο
176 760 286 784 secus
304 747 418 797 quam
438 749 476 785 in
496 762 603 798 pace,
620 762 679 785 res
695 749 791 786 inter
804 762 843 786 se
856 750 1090 795 contrahere,
1107 746 1321 795 vendendo,
1334 758 1463 782 emen-

175 800 236 844 do,
254 808 427 838 mutuum
446 801 582 845 dando,
604 809 802 850 argentum
836 802 1022 839 creditum
1052 801 1242 847 solvendo,
1265 801 1460 837 auderent.

176 852 220 889 C.
242 853 426 890 Claudius
446 854 577 890 consul
597 867 712 902 quum
733 854 771 890 in
791 861 914 891 castra
926 854 1098 897 redisset,
1116 860 1230 902 caput
1244 853 1463 889 Hasdruba-

174 904 233 951 lis,
253 906 352 953 quod
371 913 558 942 servatum
589 919 677 942 cum
708 908 798 943 cura
819 907 1006 949 attulerat,
1027 907 1159 955 projici
1180 914 1268 942 ante
1297 905 1461 942 hostium

175 957 366 1002 stationes,
387 958 627 1006 captivosque
647 958 761 994 Afros
781 959 939 1001 vinctos,
976 966 1016 996 ut
1034 965 1154 1005 erant,
1183 958 1344 1003 ostendi,
1365 958 1460 994 duos

133 1017 162 1042 15
174 1008 287 1045 etiam
303 1021 350 1045 ex
362 1009 407 1046 iis
423 1009 562 1046 solutos
582 1011 634 1046 ire
647 1010 694 1046 ad
715 1010 986 1057 Hannibalem,
1002 1017 1040 1046 et
1056 1022 1290 1059 expromere,
1302 1022 1384 1057 quae
1401 1022 1462 1045 ac—

174 1067 212 1097 ta
230 1071 368 1108 essent,
387 1061 508 1111 jussit.
567 1062 775 1109 Hannibal,
793 1069 898 1099 tanto
917 1063 1028 1099 simul
1045 1062 1197 1111 publico
1213 1061 1462 1110 familiarique

175 1113 273 1149 ictus
305 1113 424 1160 luctu,
464 1121 488 1137 “
502 1127 708 1163 agnoscere
738 1127 777 1151 se
808 1115 995 1151 fortunam
1033 1114 1314 1163 Carthaginis,’'
1346 1114 1462 1150 fertur

175 1165 340 1202 dixisse:
383 1166 589 1215 castrisque
609 1167 697 1203 inde
718 1167 840 1209 motis,
872 1174 912 1203 ut
930 1167 1058 1204 omnia
1077 1167 1229 1209 auxilia,
1249 1179 1331 1214 quae
1352 1166 1460 1202 diffu-

176 1229 218 1253 sa
245 1217 358 1254 latius
394 1218 490 1254 tueri
527 1231 604 1255 non
632 1226 790 1267 poterat,
824 1219 863 1255 in
892 1226 1101 1255 extremum
1132 1218 1251 1255 Italiae
1280 1218 1461 1267 angulum

130 1279 163 1304 20
178 1268 342 1306 Bruttios
361 1271 612 1314 contraheret,
633 1278 669 1308 et
692 1271 986 1320 Metapontinos,
1010 1271 1200 1308 civitatem
1231 1270 1459 1314 universam,

176 1321 320 1359 excitos
339 1322 492 1359 sedibus
524 1323 614 1370 suis,
643 1330 681 1359 et
713 1323 957 1361 Lucanorum
990 1323 1052 1373 qui
1073 1335 1149 1361 suae
1169 1322 1322 1360 ditionis
1340 1329 1459 1370 erant,

177 1372 215 1410 in
236 1373 424 1412 Bruttium
443 1387 575 1425 agrum
595 1375 770 1413 traduxit.
