<?xml version="1.0" encoding="UTF-8"?>
<!DOCTYPE html PUBLIC "-//W3C//DTD XHTML 1.0 Transitional//EN"
    "http://www.w3.org/TR/xhtml1/DTD/xhtml1-transitional.dtd">
<html xmlns="http://www.w3.org/1999/xhtml" xml:lang="en" lang="en">
 <head>
  <title>
</title>
<meta http-equiv="Content-Type" content="text/html;charset=utf-8" />
  <meta name='ocr-system' content='tesseract 3.04.00' />
  <meta name='ocr-capabilities' content='ocr_page ocr_carea ocr_par ocr_line ocrx_word'/>
</head>
<body>
  <div class='ocr_page' id='page_1' title='image "./historiarumliber00livyuoft_0175.png"; bbox 0 0 1617 2765; ppageno 0'>
   <div class='ocr_carea' id='block_1_1' title="bbox 561 197 1418 238">
    <p class='ocr_par' dir='ltr' id='par_1_1' title="bbox 561 197 1418 238">
     <span class='ocr_line' id='line_1_1' title="bbox 561 197 1418 238; baseline 0.002 -8"><span class='ocrx_word' id='word_1_1' title='bbox 561 198 700 230; x_wconf 87' lang='lat' dir='ltr'><strong>LIBER</strong></span> <span class='ocrx_word' id='word_1_2' title='bbox 723 197 783 229; x_wconf 91' lang='lat' dir='ltr'>IX.</span> <span class='ocrx_word' id='word_1_3' title='bbox 822 206 899 229; x_wconf 75' lang='lat' dir='ltr'>CAP.</span> <span class='ocrx_word' id='word_1_4' title='bbox 916 207 990 228; x_wconf 68' lang='grc' dir='ltr'>ΧΠ.</span> <span class='ocrx_word' id='word_1_5' title='bbox 1342 201 1418 238; x_wconf 87' lang='grc'>157</span> 
     </span>
    </p>
   </div>
   <div class='ocr_carea' id='block_1_2' title="bbox 81 291 1422 2265">
    <p class='ocr_par' dir='ltr' id='par_1_2' title="bbox 81 291 1422 2265">
     <span class='ocr_line' id='line_1_2' title="bbox 131 291 1422 346; baseline -0.004 -14"><span class='ocrx_word' id='word_1_6' title='bbox 131 296 156 314; x_wconf 90' lang='lat'>“</span> <span class='ocrx_word' id='word_1_7' title='bbox 174 294 239 342; x_wconf 88' lang='lat' dir='ltr'>qui</span> <span class='ocrx_word' id='word_1_8' title='bbox 258 302 294 334; x_wconf 89' lang='lat' dir='ltr'>te</span> <span class='ocrx_word' id='word_1_9' title='bbox 323 303 474 346; x_wconf 82' lang='lat' dir='ltr'>captum</span> <span class='ocrx_word' id='word_1_10' title='bbox 494 293 638 340; x_wconf 88' lang='lat' dir='ltr'>victori,</span> <span class='ocrx_word' id='word_1_11' title='bbox 665 305 752 330; x_wconf 86' lang='lat' dir='ltr'>oum</span> <span class='ocrx_word' id='word_1_12' title='bbox 772 293 845 341; x_wconf 74' lang='lat' dir='ltr'>qua</span> <span class='ocrx_word' id='word_1_13' title='bbox 865 300 971 341; x_wconf 88' lang='lat' dir='ltr'>potes</span> <span class='ocrx_word' id='word_1_14' title='bbox 991 291 1077 334; x_wconf 85' lang='lat' dir='ltr'>fide,</span> <span class='ocrx_word' id='word_1_15' title='bbox 1099 292 1292 328; x_wconf 76' lang='lat' dir='ltr'>restituis&#39;!</span> <span class='ocrx_word' id='word_1_16' title='bbox 1351 294 1422 332; x_wconf 77' lang='lat' dir='ltr'>Po-</span> 
     </span>
     <span class='ocr_line' id='line_1_3' title="bbox 132 343 1418 395; baseline 0 -12"><span class='ocrx_word' id='word_1_17' title='bbox 132 349 155 365; x_wconf 91' lang='lat'><strong>“</strong></span> <span class='ocrx_word' id='word_1_18' title='bbox 173 343 302 395; x_wconf 89' lang='lat' dir='ltr'>pulum</span> <span class='ocrx_word' id='word_1_19' title='bbox 323 348 542 385; x_wconf 85' lang='lat' dir='ltr'>Romanum</span> <span class='ocrx_word' id='word_1_20' title='bbox 565 346 736 394; x_wconf 70' lang='lat' dir='ltr'>appellog</span> <span class='ocrx_word' id='word_1_21' title='bbox 776 357 888 393; x_wconf 89' lang='lat' dir='ltr'>quem</span> <span class='ocrx_word' id='word_1_22' title='bbox 908 344 938 380; x_wconf 90' lang='lat' dir='ltr'>si</span> <span class='ocrx_word' id='word_1_23' title='bbox 969 344 1181 392; x_wconf 78' lang='lat' dir='ltr'>sponsionis</span> <span class='ocrx_word' id='word_1_24' title='bbox 1201 345 1245 380; x_wconf 88' lang='lat' dir='ltr'>ad</span> <span class='ocrx_word' id='word_1_25' title='bbox 1275 345 1418 383; x_wconf 87' lang='lat' dir='ltr'>Furcu-</span> 
     </span>
     <span class='ocr_line' id='line_1_4' title="bbox 131 397 1412 447; baseline -0.001 -12"><span class='ocrx_word' id='word_1_26' title='bbox 131 401 153 418; x_wconf 83' lang='lat'>“</span> <span class='ocrx_word' id='word_1_27' title='bbox 172 399 227 435; x_wconf 90' lang='lat' dir='ltr'>las</span> <span class='ocrx_word' id='word_1_28' title='bbox 246 400 439 437; x_wconf 87' lang='lat' dir='ltr'>Caudinas</span> <span class='ocrx_word' id='word_1_29' title='bbox 455 399 563 436; x_wconf 85' lang='lat' dir='ltr'>sactae</span> <span class='ocrx_word' id='word_1_30' title='bbox 579 398 749 447; x_wconf 81' lang='lat' dir='ltr'>poenitet,</span> <span class='ocrx_word' id='word_1_31' title='bbox 769 398 939 433; x_wconf 86' lang='lat' dir='ltr'>restituat</span> <span class='ocrx_word' id='word_1_32' title='bbox 959 397 1128 444; x_wconf 80' lang='lat' dir='ltr'>legiones</span> <span class='ocrx_word' id='word_1_33' title='bbox 1149 397 1246 432; x_wconf 88' lang='lat' dir='ltr'>intra</span> <span class='ocrx_word' id='word_1_34' title='bbox 1265 398 1412 444; x_wconf 85' lang='lat' dir='ltr'>saltum,</span> 
     </span>
     <span class='ocr_line' id='line_1_5' title="bbox 135 449 1417 500; baseline 0.002 -14"><span class='ocrx_word' id='word_1_35' title='bbox 135 454 245 498; x_wconf 88' lang='lat' dir='ltr'>“quo</span> <span class='ocrx_word' id='word_1_36' title='bbox 263 459 376 500; x_wconf 83' lang='lat' dir='ltr'>septae</span> <span class='ocrx_word' id='word_1_37' title='bbox 397 451 560 488; x_wconf 88' lang='lat' dir='ltr'>fuerunt.</span> <span class='ocrx_word' id='word_1_38' title='bbox 617 450 742 487; x_wconf 90' lang='lat' dir='ltr'>Nemo</span> <span class='ocrx_word' id='word_1_39' title='bbox 769 462 996 498; x_wconf 81' lang='lat' dir='ltr'>quemquam</span> <span class='ocrx_word' id='word_1_40' title='bbox 1026 449 1242 497; x_wconf 76' lang='lat' dir='ltr'>deceperit:</span> <span class='ocrx_word' id='word_1_41' title='bbox 1290 452 1417 488; x_wconf 84' lang='lat' dir='ltr'>omnia</span> 
     </span>
     <span class='ocr_line' id='line_1_6' title="bbox 104 501 1418 550; baseline -0.001 -11"><span class='ocrx_word' id='word_1_42' title='bbox 104 506 237 550; x_wconf 88' lang='lat' dir='ltr'>5“pro</span> <span class='ocrx_word' id='word_1_43' title='bbox 257 504 398 541; x_wconf 85' lang='lat' dir='ltr'>infecto</span> <span class='ocrx_word' id='word_1_44' title='bbox 427 504 527 540; x_wconf 90' lang='lat' dir='ltr'>sint:</span> <span class='ocrx_word' id='word_1_45' title='bbox 571 503 756 550; x_wconf 81' lang='lat' dir='ltr'>recipiant</span> <span class='ocrx_word' id='word_1_46' title='bbox 776 514 891 544; x_wconf 87' lang='lat' dir='ltr'>arma,</span> <span class='ocrx_word' id='word_1_47' title='bbox 921 514 1003 549; x_wconf 83' lang='lat' dir='ltr'>quae</span> <span class='ocrx_word' id='word_1_48' title='bbox 1023 514 1088 549; x_wconf 87' lang='lat' dir='ltr'>per</span> <span class='ocrx_word' id='word_1_49' title='bbox 1110 501 1323 549; x_wconf 82' lang='lat' dir='ltr'>pactionem</span> <span class='ocrx_word' id='word_1_50' title='bbox 1346 510 1418 538; x_wconf 86' lang='lat' dir='ltr'>tra-</span> 
     </span>
     <span class='ocr_line' id='line_1_7' title="bbox 135 553 1419 602; baseline 0.001 -12"><span class='ocrx_word' id='word_1_51' title='bbox 135 555 374 593; x_wconf 77' lang='lat' dir='ltr'>“diderunt:</span> <span class='ocrx_word' id='word_1_52' title='bbox 403 556 560 593; x_wconf 82' lang='lat' dir='ltr'><strong>redeant</strong></span> <span class='ocrx_word' id='word_1_53' title='bbox 581 555 617 591; x_wconf 88' lang='lat' dir='ltr'>in</span> <span class='ocrx_word' id='word_1_54' title='bbox 638 562 761 591; x_wconf 88' lang='lat' dir='ltr'>castra</span> <span class='ocrx_word' id='word_1_55' title='bbox 780 567 858 590; x_wconf 89' lang='lat' dir='ltr'>sua.</span> <span class='ocrx_word' id='word_1_56' title='bbox 914 553 1113 601; x_wconf 80' lang='lat' dir='ltr'>Quidquid</span> <span class='ocrx_word' id='word_1_57' title='bbox 1148 554 1267 602; x_wconf 80' lang='lat' dir='ltr'>pridie</span> <span class='ocrx_word' id='word_1_58' title='bbox 1301 554 1419 591; x_wconf 83' lang='lat' dir='ltr'>habu-</span> 
     </span>
     <span class='ocr_line' id='line_1_8' title="bbox 135 606 1419 656; baseline 0.001 -14"><span class='ocrx_word' id='word_1_59' title='bbox 135 609 294 655; x_wconf 88' lang='lat' dir='ltr'>“erunt‚</span> <span class='ocrx_word' id='word_1_60' title='bbox 313 607 425 656; x_wconf 71' lang='lat' dir='ltr'>quam</span> <span class='ocrx_word' id='word_1_61' title='bbox 447 608 485 645; x_wconf 91' lang='lat' dir='ltr'>in</span> <span class='ocrx_word' id='word_1_62' title='bbox 505 607 732 655; x_wconf 85' lang='lat' dir='ltr'>colloquium</span> <span class='ocrx_word' id='word_1_63' title='bbox 753 614 810 642; x_wconf 89' lang='lat' dir='ltr'>est</span> <span class='ocrx_word' id='word_1_64' title='bbox 829 614 996 652; x_wconf 90' lang='lat' dir='ltr'>ventum,</span> <span class='ocrx_word' id='word_1_65' title='bbox 1018 606 1204 642; x_wconf 82' lang='lat' dir='ltr'>habeant:</span> <span class='ocrx_word' id='word_1_66' title='bbox 1244 613 1323 642; x_wconf 88' lang='lat' dir='ltr'>tum</span> <span class='ocrx_word' id='word_1_67' title='bbox 1344 607 1419 643; x_wconf 92' lang='lat' dir='ltr'>bel-</span> 
     </span>
     <span class='ocr_line' id='line_1_9' title="bbox 135 658 1418 708; baseline 0 -13"><span class='ocrx_word' id='word_1_68' title='bbox 135 659 249 696; x_wconf 90' lang='lat' dir='ltr'>“lum</span> <span class='ocrx_word' id='word_1_69' title='bbox 268 667 306 696; x_wconf 88' lang='lat' dir='ltr'>et</span> <span class='ocrx_word' id='word_1_70' title='bbox 325 660 433 697; x_wconf 86' lang='lat' dir='ltr'>fortia</span> <span class='ocrx_word' id='word_1_71' title='bbox 451 660 610 697; x_wconf 86' lang='lat' dir='ltr'>consilia</span> <span class='ocrx_word' id='word_1_72' title='bbox 629 659 803 707; x_wconf 82' lang='lat' dir='ltr'>placeant</span> <span class='ocrx_word' id='word_1_73' title='bbox 820 672 828 703; x_wconf 92' lang='lat'>;</span> <span class='ocrx_word' id='word_1_74' title='bbox 869 667 959 695; x_wconf 89' lang='lat' dir='ltr'>tunc</span> <span class='ocrx_word' id='word_1_75' title='bbox 993 658 1145 706; x_wconf 86' lang='lat' dir='ltr'>sponsio</span> <span class='ocrx_word' id='word_1_76' title='bbox 1164 665 1200 695; x_wconf 91' lang='lat' dir='ltr'>et</span> <span class='ocrx_word' id='word_1_77' title='bbox 1220 671 1291 707; x_wconf 86' lang='lat' dir='ltr'>pax</span> <span class='ocrx_word' id='word_1_78' title='bbox 1311 672 1418 708; x_wconf 88' lang='lat' dir='ltr'>repu-</span> 
     </span>
     <span class='ocr_line' id='line_1_10' title="bbox 134 711 1416 759; baseline 0 -11"><span class='ocrx_word' id='word_1_79' title='bbox 134 711 306 748; x_wconf 85' lang='lat' dir='ltr'>“dietur.</span> <span class='ocrx_word' id='word_1_80' title='bbox 363 712 419 749; x_wconf 74' lang='lat' dir='ltr'>Ea</span> <span class='ocrx_word' id='word_1_81' title='bbox 440 712 602 759; x_wconf 78' lang='lat' dir='ltr'>fortuna,</span> <span class='ocrx_word' id='word_1_82' title='bbox 623 712 668 748; x_wconf 83' lang='lat' dir='ltr'>iis</span> <span class='ocrx_word' id='word_1_83' title='bbox 701 711 804 757; x_wconf 89' lang='lat' dir='ltr'>locis,</span> <span class='ocrx_word' id='word_1_84' title='bbox 838 724 920 759; x_wconf 79' lang='lat' dir='ltr'>quae</span> <span class='ocrx_word' id='word_1_85' title='bbox 955 718 1041 747; x_wconf 87' lang='lat' dir='ltr'>ante</span> <span class='ocrx_word' id='word_1_86' title='bbox 1062 711 1166 759; x_wconf 87' lang='lat' dir='ltr'>pacis</span> <span class='ocrx_word' id='word_1_87' title='bbox 1186 712 1416 748; x_wconf 85' lang='lat' dir='ltr'>mentionem</span> 
     </span>
     <span class='ocr_line' id='line_1_11' title="bbox 94 763 1419 813; baseline 0.002 -16"><span class='ocrx_word' id='word_1_88' title='bbox 94 773 119 797; x_wconf 86' lang='lat'>10</span> <span class='ocrx_word' id='word_1_89' title='bbox 134 765 157 782; x_wconf 93' lang='lat'>“</span> <span class='ocrx_word' id='word_1_90' title='bbox 171 764 385 810; x_wconf 85' lang='lat' dir='ltr'>habuimus,</span> <span class='ocrx_word' id='word_1_91' title='bbox 420 777 596 813; x_wconf 85' lang='lat' dir='ltr'>geramus</span> <span class='ocrx_word' id='word_1_92' title='bbox 625 764 763 800; x_wconf 90' lang='lat' dir='ltr'>bellum</span> <span class='ocrx_word' id='word_1_93' title='bbox 783 777 791 799; x_wconf 70' lang='grc' dir='ltr'><strong><em>ε</em></strong></span> <span class='ocrx_word' id='word_1_94' title='bbox 838 776 911 800; x_wconf 89' lang='lat' dir='ltr'>nec</span> <span class='ocrx_word' id='word_1_95' title='bbox 930 763 1088 812; x_wconf 89' lang='lat' dir='ltr'>populus</span> <span class='ocrx_word' id='word_1_96' title='bbox 1110 763 1309 800; x_wconf 87' lang='lat' dir='ltr'>Romanus</span> <span class='ocrx_word' id='word_1_97' title='bbox 1329 776 1419 800; x_wconf 86' lang='lat' dir='ltr'>con-</span> 
     </span>
     <span class='ocr_line' id='line_1_12' title="bbox 133 815 1418 865; baseline 0.001 -13"><span class='ocrx_word' id='word_1_98' title='bbox 133 817 157 834; x_wconf 86' lang='lat'>“</span> <span class='ocrx_word' id='word_1_99' title='bbox 171 816 293 852; x_wconf 88' lang='lat' dir='ltr'>sulum</span> <span class='ocrx_word' id='word_1_100' title='bbox 314 818 566 865; x_wconf 84' lang='lat' dir='ltr'>sponsionem,</span> <span class='ocrx_word' id='word_1_101' title='bbox 588 829 660 853; x_wconf 88' lang='lat' dir='ltr'>nec</span> <span class='ocrx_word' id='word_1_102' title='bbox 681 829 748 852; x_wconf 91' lang='lat' dir='ltr'>nos</span> <span class='ocrx_word' id='word_1_103' title='bbox 778 815 888 852; x_wconf 85' lang='lat' dir='ltr'>fidem</span> <span class='ocrx_word' id='word_1_104' title='bbox 919 815 1044 864; x_wconf 90' lang='lat' dir='ltr'>populi</span> <span class='ocrx_word' id='word_1_105' title='bbox 1076 816 1241 852; x_wconf 82' lang='lat' dir='ltr'>Romani</span> <span class='ocrx_word' id='word_1_106' title='bbox 1262 829 1418 853; x_wconf 79' lang='lat' dir='ltr'>accuse-</span> 
     </span>
     <span class='ocr_line' id='line_1_13' title="bbox 133 868 1419 918; baseline 0.001 -14"><span class='ocrx_word' id='word_1_107' title='bbox 133 869 266 905; x_wconf 88' lang='lat' dir='ltr'>“mus.</span> <span class='ocrx_word' id='word_1_108' title='bbox 324 869 580 918; x_wconf 85' lang='lat' dir='ltr'>Nunquamne</span> <span class='ocrx_word' id='word_1_109' title='bbox 609 881 724 906; x_wconf 87' lang='lat' dir='ltr'>causa</span> <span class='ocrx_word' id='word_1_110' title='bbox 753 868 879 911; x_wconf 77' lang='lat' dir='ltr'>defiet,</span> <span class='ocrx_word' id='word_1_111' title='bbox 901 881 967 905; x_wconf 86' lang='lat' dir='ltr'>cur</span> <span class='ocrx_word' id='word_1_112' title='bbox 987 868 1075 904; x_wconf 88' lang='lat' dir='ltr'>victi</span> <span class='ocrx_word' id='word_1_113' title='bbox 1095 875 1206 916; x_wconf 90' lang='lat' dir='ltr'>pacto</span> <span class='ocrx_word' id='word_1_114' title='bbox 1239 881 1314 905; x_wconf 91' lang='lat' dir='ltr'>non</span> <span class='ocrx_word' id='word_1_115' title='bbox 1345 877 1419 905; x_wconf 89' lang='lat' dir='ltr'>ste-</span> 
     </span>
     <span class='ocr_line' id='line_1_14' title="bbox 133 920 1417 965; baseline 0.001 -9"><span class='ocrx_word' id='word_1_116' title='bbox 133 921 247 957; x_wconf 78' lang='lat' dir='ltr'>“tis?</span> <span class='ocrx_word' id='word_1_117' title='bbox 312 921 477 958; x_wconf 88' lang='lat' dir='ltr'>Obsides</span> <span class='ocrx_word' id='word_1_118' title='bbox 510 921 684 958; x_wconf 81' lang='lat' dir='ltr'>Porsenae</span> <span class='ocrx_word' id='word_1_119' title='bbox 713 921 891 965; x_wconf 81' lang='lat' dir='ltr'>dedistis3</span> <span class='ocrx_word' id='word_1_120' title='bbox 938 920 1036 956; x_wconf 88' lang='lat' dir='ltr'>furto</span> <span class='ocrx_word' id='word_1_121' title='bbox 1068 933 1132 956; x_wconf 90' lang='lat' dir='ltr'>eos</span> <span class='ocrx_word' id='word_1_122' title='bbox 1160 920 1417 957; x_wconf 86' lang='lat' dir='ltr'>subduxistis:</span> 
     </span>
     <span class='ocr_line' id='line_1_15' title="bbox 132 972 1416 1020; baseline 0.002 -13"><span class='ocrx_word' id='word_1_123' title='bbox 132 973 156 989; x_wconf 80' lang='lat'>‘⁴</span> <span class='ocrx_word' id='word_1_124' title='bbox 170 984 260 1009; x_wconf 91' lang='lat' dir='ltr'>auro</span> <span class='ocrx_word' id='word_1_125' title='bbox 276 973 466 1009; x_wconf 89' lang='lat' dir='ltr'>civitatem</span> <span class='ocrx_word' id='word_1_126' title='bbox 486 985 507 1009; x_wconf 88' lang='lat' dir='ltr'>a</span> <span class='ocrx_word' id='word_1_127' title='bbox 526 973 645 1010; x_wconf 91' lang='lat' dir='ltr'>Gallis</span> <span class='ocrx_word' id='word_1_128' title='bbox 661 972 872 1008; x_wconf 85' lang='lat' dir='ltr'>redemistis</span> <span class='ocrx_word' id='word_1_129' title='bbox 889 985 897 1017; x_wconf 92' lang='lat'>;</span> <span class='ocrx_word' id='word_1_130' title='bbox 937 972 1034 1008; x_wconf 87' lang='lat' dir='ltr'>inter</span> <span class='ocrx_word' id='word_1_131' title='bbox 1064 973 1330 1020; x_wconf 88' lang='lat' dir='ltr'>accipiendum</span> <span class='ocrx_word' id='word_1_132' title='bbox 1353 986 1416 1010; x_wconf 92' lang='lat' dir='ltr'>au-</span> 
     </span>
     <span class='ocr_line' id='line_1_16' title="bbox 86 1024 1417 1073; baseline 0.004 -16"><span class='ocrx_word' id='word_1_133' title='bbox 86 1024 252 1060; x_wconf 84' lang='lat' dir='ltr'>15“rurn</span> <span class='ocrx_word' id='word_1_134' title='bbox 272 1025 360 1061; x_wconf 89' lang='lat' dir='ltr'>caesi</span> <span class='ocrx_word' id='word_1_135' title='bbox 390 1034 504 1061; x_wconf 86' lang='lat' dir='ltr'>sunt:</span> <span class='ocrx_word' id='word_1_136' title='bbox 547 1037 680 1073; x_wconf 83' lang='lat' dir='ltr'>pacem</span> <span class='ocrx_word' id='word_1_137' title='bbox 710 1024 908 1061; x_wconf 89' lang='lat' dir='ltr'>nobiscum</span> <span class='ocrx_word' id='word_1_138' title='bbox 940 1024 1147 1072; x_wconf 80' lang='lat' dir='ltr'>pepigistiS‚</span> <span class='ocrx_word' id='word_1_139' title='bbox 1182 1031 1223 1061; x_wconf 89' lang='lat' dir='ltr'>ut</span> <span class='ocrx_word' id='word_1_140' title='bbox 1247 1025 1417 1073; x_wconf 83' lang='lat' dir='ltr'>legiones</span> 
     </span>
     <span class='ocr_line' id='line_1_17' title="bbox 131 1076 1416 1126; baseline 0.002 -15"><span class='ocrx_word' id='word_1_141' title='bbox 131 1076 273 1112; x_wconf 89' lang='lat' dir='ltr'>“vobis</span> <span class='ocrx_word' id='word_1_142' title='bbox 305 1083 435 1126; x_wconf 88' lang='lat' dir='ltr'>captas</span> <span class='ocrx_word' id='word_1_143' title='bbox 464 1077 769 1120; x_wconf 88' lang='lat' dir='ltr'>restitueremus;</span> <span class='ocrx_word' id='word_1_144' title='bbox 815 1089 899 1112; x_wconf 91' lang='lat' dir='ltr'>eam</span> <span class='ocrx_word' id='word_1_145' title='bbox 930 1088 1064 1125; x_wconf 83' lang='lat' dir='ltr'>pacem</span> <span class='ocrx_word' id='word_1_146' title='bbox 1094 1076 1236 1113; x_wconf 85' lang='lat' dir='ltr'>irritam</span> <span class='ocrx_word' id='word_1_147' title='bbox 1267 1077 1416 1123; x_wconf 88' lang='lat' dir='ltr'>facitis;</span> 
     </span>
     <span class='ocr_line' id='line_1_18' title="bbox 131 1128 1415 1178; baseline 0.002 -14"><span class='ocrx_word' id='word_1_148' title='bbox 131 1129 206 1164; x_wconf 86' lang='lat' dir='ltr'>“et</span> <span class='ocrx_word' id='word_1_149' title='bbox 225 1141 373 1178; x_wconf 87' lang='lat' dir='ltr'>semper</span> <span class='ocrx_word' id='word_1_150' title='bbox 402 1129 564 1178; x_wconf 88' lang='lat' dir='ltr'>aliquam</span> <span class='ocrx_word' id='word_1_151' title='bbox 598 1129 719 1166; x_wconf 87' lang='lat' dir='ltr'>fraudi</span> <span class='ocrx_word' id='word_1_152' title='bbox 748 1129 914 1178; x_wconf 88' lang='lat' dir='ltr'>speciem</span> <span class='ocrx_word' id='word_1_153' title='bbox 944 1128 1039 1178; x_wconf 90' lang='lat' dir='ltr'>juris</span> <span class='ocrx_word' id='word_1_154' title='bbox 1066 1128 1269 1177; x_wconf 82' lang='lat' dir='ltr'>imponitis.</span> <span class='ocrx_word' id='word_1_155' title='bbox 1326 1130 1415 1167; x_wconf 88' lang='lat' dir='ltr'>Non</span> 
     </span>
     <span class='ocr_line' id='line_1_19' title="bbox 131 1181 1417 1231; baseline 0.002 -14"><span class='ocrx_word' id='word_1_156' title='bbox 131 1181 299 1229; x_wconf 89' lang='lat' dir='ltr'>“probat</span> <span class='ocrx_word' id='word_1_157' title='bbox 318 1182 477 1230; x_wconf 88' lang='lat' dir='ltr'>populus</span> <span class='ocrx_word' id='word_1_158' title='bbox 508 1182 709 1218; x_wconf 86' lang='lat' dir='ltr'>Romanus</span> <span class='ocrx_word' id='word_1_159' title='bbox 738 1181 991 1231; x_wconf 74' lang='lat' dir='ltr'>ignominiosa</span> <span class='ocrx_word' id='word_1_160' title='bbox 1018 1194 1113 1230; x_wconf 89' lang='lat' dir='ltr'>pace</span> <span class='ocrx_word' id='word_1_161' title='bbox 1142 1181 1312 1230; x_wconf 83' lang='lat' dir='ltr'>legiones</span> <span class='ocrx_word' id='word_1_162' title='bbox 1341 1195 1417 1220; x_wconf 79' lang='lat' dir='ltr'>sei·-</span> 
     </span>
     <span class='ocr_line' id='line_1_20' title="bbox 128 1228 1416 1283; baseline 0.002 -15"><span class='ocrx_word' id='word_1_163' title='bbox 128 1228 152 1249; x_wconf 87' lang='lat'><strong>“</strong></span> <span class='ocrx_word' id='word_1_164' title='bbox 166 1235 298 1269; x_wconf 76' lang='lat' dir='ltr'>vatas‘!</span> <span class='ocrx_word' id='word_1_165' title='bbox 338 1246 472 1282; x_wconf 87' lang='lat' dir='ltr'>pacem</span> <span class='ocrx_word' id='word_1_166' title='bbox 505 1234 575 1270; x_wconf 89' lang='lat' dir='ltr'>sibi</span> <span class='ocrx_word' id='word_1_167' title='bbox 600 1235 748 1280; x_wconf 86' lang='lat' dir='ltr'>habeat,</span> <span class='ocrx_word' id='word_1_168' title='bbox 768 1234 937 1283; x_wconf 86' lang='lat' dir='ltr'>legiones</span> <span class='ocrx_word' id='word_1_169' title='bbox 967 1241 1096 1282; x_wconf 87' lang='lat' dir='ltr'>captas</span> <span class='ocrx_word' id='word_1_170' title='bbox 1116 1234 1246 1270; x_wconf 86' lang='lat' dir='ltr'>victori</span> <span class='ocrx_word' id='word_1_171' title='bbox 1266 1235 1416 1271; x_wconf 88' lang='lat' dir='ltr'>restitu-</span> 
     </span>
     <span class='ocr_line' id='line_1_21' title="bbox 83 1281 1416 1332; baseline 0.003 -12"><span class='ocrx_word' id='word_1_172' title='bbox 83 1281 227 1320; x_wconf 76' lang='lat' dir='ltr'>20“at:</span> <span class='ocrx_word' id='word_1_173' title='bbox 275 1285 347 1322; x_wconf 90' lang='lat' dir='ltr'>hoc</span> <span class='ocrx_word' id='word_1_174' title='bbox 379 1286 464 1331; x_wconf 89' lang='lat' dir='ltr'>fide,</span> <span class='ocrx_word' id='word_1_175' title='bbox 500 1286 572 1323; x_wconf 88' lang='lat' dir='ltr'>hoc</span> <span class='ocrx_word' id='word_1_176' title='bbox 608 1286 825 1332; x_wconf 87' lang='lat' dir='ltr'>foederibns,</span> <span class='ocrx_word' id='word_1_177' title='bbox 860 1287 930 1322; x_wconf 87' lang='lat' dir='ltr'>hoc</span> <span class='ocrx_word' id='word_1_178' title='bbox 963 1286 1159 1322; x_wconf 88' lang='lat' dir='ltr'>secialibus</span> <span class='ocrx_word' id='word_1_179' title='bbox 1188 1287 1416 1324; x_wconf 84' lang='lat' dir='ltr'>caerimoniis</span> 
     </span>
     <span class='ocr_line' id='line_1_22' title="bbox 129 1334 1414 1387; baseline 0.002 -14"><span class='ocrx_word' id='word_1_180' title='bbox 129 1334 324 1386; x_wconf 87' lang='lat' dir='ltr'>“dignum</span> <span class='ocrx_word' id='word_1_181' title='bbox 340 1345 432 1375; x_wconf 84' lang='lat' dir='ltr'>erat.</span> <span class='ocrx_word' id='word_1_182' title='bbox 488 1338 539 1375; x_wconf 87' lang='lat' dir='ltr'>Ut</span> <span class='ocrx_word' id='word_1_183' title='bbox 556 1346 596 1376; x_wconf 87' lang='lat' dir='ltr'>tu</span> <span class='ocrx_word' id='word_1_184' title='bbox 616 1339 782 1387; x_wconf 90' lang='lat' dir='ltr'>quidem,</span> <span class='ocrx_word' id='word_1_185' title='bbox 816 1339 914 1387; x_wconf 91' lang='lat' dir='ltr'>quod</span> <span class='ocrx_word' id='word_1_186' title='bbox 946 1339 1082 1387; x_wconf 78' lang='lat' dir='ltr'>petisti,</span> <span class='ocrx_word' id='word_1_187' title='bbox 1116 1351 1181 1387; x_wconf 89' lang='lat' dir='ltr'>per</span> <span class='ocrx_word' id='word_1_188' title='bbox 1200 1339 1414 1387; x_wconf 86' lang='lat' dir='ltr'>pactionem</span> 
     </span>
     <span class='ocr_line' id='line_1_23' title="bbox 128 1387 1409 1444; baseline 0.003 -19"><span class='ocrx_word' id='word_1_189' title='bbox 128 1387 319 1434; x_wconf 86' lang='lat' dir='ltr'>“habeas‚</span> <span class='ocrx_word' id='word_1_190' title='bbox 349 1397 403 1427; x_wconf 87' lang='lat' dir='ltr'>tot</span> <span class='ocrx_word' id='word_1_191' title='bbox 434 1391 538 1428; x_wconf 85' lang='lat' dir='ltr'>cives</span> <span class='ocrx_word' id='word_1_192' title='bbox 566 1391 800 1435; x_wconf 83' lang='lat' dir='ltr'>incolumes3</span> <span class='ocrx_word' id='word_1_193' title='bbox 846 1403 918 1440; x_wconf 85' lang='lat' dir='ltr'>ego</span> <span class='ocrx_word' id='word_1_194' title='bbox 951 1403 1098 1440; x_wconf 88' lang='lat' dir='ltr'>pacem,</span> <span class='ocrx_word' id='word_1_195' title='bbox 1131 1404 1243 1439; x_wconf 88' lang='lat' dir='ltr'>quam</span> <span class='ocrx_word' id='word_1_196' title='bbox 1276 1391 1409 1444; x_wconf 89' lang='lat' dir='ltr'>[hosti]</span> 
     </span>
     <span class='ocr_line' id='line_1_24' title="bbox 128 1439 1416 1492; baseline 0.003 -14"><span class='ocrx_word' id='word_1_197' title='bbox 128 1439 232 1478; x_wconf 87' lang='lat' dir='ltr'>“tibi</span> <span class='ocrx_word' id='word_1_198' title='bbox 252 1442 478 1480; x_wconf 89' lang='lat' dir='ltr'>remittendo</span> <span class='ocrx_word' id='word_1_199' title='bbox 498 1452 631 1492; x_wconf 88' lang='lat' dir='ltr'>pactus</span> <span class='ocrx_word' id='word_1_200' title='bbox 651 1457 747 1486; x_wconf 86' lang='lat' dir='ltr'>sum,</span> <span class='ocrx_word' id='word_1_201' title='bbox 769 1456 844 1480; x_wconf 90' lang='lat' dir='ltr'>non</span> <span class='ocrx_word' id='word_1_202' title='bbox 865 1444 1023 1480; x_wconf 85' lang='lat' dir='ltr'>habeam</span> <span class='ocrx_word' id='word_1_203' title='bbox 1041 1456 1050 1488; x_wconf 81' lang='lat'><em>3</em></span> <span class='ocrx_word' id='word_1_204' title='bbox 1090 1444 1161 1480; x_wconf 92' lang='lat' dir='ltr'>hoc</span> <span class='ocrx_word' id='word_1_205' title='bbox 1178 1451 1231 1484; x_wconf 85' lang='lat' dir='ltr'>tu,</span> <span class='ocrx_word' id='word_1_206' title='bbox 1253 1445 1300 1480; x_wconf 94' lang='lat' dir='ltr'>A.</span> <span class='ocrx_word' id='word_1_207' title='bbox 1323 1445 1416 1482; x_wconf 90' lang='lat' dir='ltr'>Cor-</span> 
     </span>
     <span class='ocr_line' id='line_1_25' title="bbox 128 1492 1415 1545; baseline 0.002 -15"><span class='ocrx_word' id='word_1_208' title='bbox 128 1492 254 1540; x_wconf 86' lang='lat' dir='ltr'>“neli,</span> <span class='ocrx_word' id='word_1_209' title='bbox 288 1495 361 1532; x_wconf 90' lang='lat' dir='ltr'>hoc</span> <span class='ocrx_word' id='word_1_210' title='bbox 380 1507 455 1541; x_wconf 82' lang='lat' dir='ltr'>VOS,</span> <span class='ocrx_word' id='word_1_211' title='bbox 476 1496 642 1538; x_wconf 84' lang='lat' dir='ltr'>feciales,</span> <span class='ocrx_word' id='word_1_212' title='bbox 673 1495 768 1544; x_wconf 81' lang='lat' dir='ltr'>juris</span> <span class='ocrx_word' id='word_1_213' title='bbox 797 1496 975 1544; x_wconf 86' lang='lat' dir='ltr'>gentibus</span> <span class='ocrx_word' id='word_1_214' title='bbox 1004 1496 1162 1533; x_wconf 71' lang='lat' dir='ltr'>dicitis?</span> <span class='ocrx_word' id='word_1_215' title='bbox 1219 1496 1303 1545; x_wconf 90' lang='lat' dir='ltr'>Ego</span> <span class='ocrx_word' id='word_1_216' title='bbox 1330 1497 1415 1534; x_wconf 77' lang='lat' dir='ltr'>vero</span> 
     </span>
     <span class='ocr_line' id='line_1_26' title="bbox 82 1545 1413 1596; baseline 0.003 -15"><span class='ocrx_word' id='word_1_217' title='bbox 82 1545 151 1579; x_wconf 71' lang='lat'>25“</span> <span class='ocrx_word' id='word_1_218' title='bbox 166 1546 268 1594; x_wconf 89' lang='lat' dir='ltr'>istos,</span> <span class='ocrx_word' id='word_1_219' title='bbox 295 1559 388 1595; x_wconf 90' lang='lat' dir='ltr'>quos</span> <span class='ocrx_word' id='word_1_220' title='bbox 407 1547 495 1584; x_wconf 85' lang='lat' dir='ltr'>dedi</span> <span class='ocrx_word' id='word_1_221' title='bbox 524 1548 721 1594; x_wconf 85' lang='lat' dir='ltr'>simulatis,</span> <span class='ocrx_word' id='word_1_222' title='bbox 750 1561 823 1584; x_wconf 91' lang='lat' dir='ltr'>nec</span> <span class='ocrx_word' id='word_1_223' title='bbox 844 1548 1002 1596; x_wconf 83' lang='lat' dir='ltr'>accipio,</span> <span class='ocrx_word' id='word_1_224' title='bbox 1032 1561 1105 1585; x_wconf 91' lang='lat' dir='ltr'>nec</span> <span class='ocrx_word' id='word_1_225' title='bbox 1125 1549 1213 1584; x_wconf 91' lang='lat' dir='ltr'>dedi</span> <span class='ocrx_word' id='word_1_226' title='bbox 1234 1549 1413 1594; x_wconf 82' lang='lat' dir='ltr'>arbitror3</span> 
     </span>
     <span class='ocr_line' id='line_1_27' title="bbox 128 1598 1415 1650; baseline 0.003 -16"><span class='ocrx_word' id='word_1_227' title='bbox 128 1598 239 1635; x_wconf 89' lang='lat' dir='ltr'>“nec</span> <span class='ocrx_word' id='word_1_228' title='bbox 267 1612 401 1646; x_wconf 84' lang='lat' dir='ltr'>moror,</span> <span class='ocrx_word' id='word_1_229' title='bbox 430 1599 504 1648; x_wconf 77' lang='lat' dir='ltr'>quo</span> <span class='ocrx_word' id='word_1_230' title='bbox 533 1599 660 1637; x_wconf 71' lang='lat' dir='ltr'>minus</span> <span class='ocrx_word' id='word_1_231' title='bbox 688 1600 727 1636; x_wconf 91' lang='lat' dir='ltr'>in</span> <span class='ocrx_word' id='word_1_232' title='bbox 761 1600 950 1637; x_wconf 84' lang='lat' dir='ltr'>civitatem</span> <span class='ocrx_word' id='word_1_233' title='bbox 979 1601 1183 1650; x_wconf 86' lang='lat' dir='ltr'>obligatam</span> <span class='ocrx_word' id='word_1_234' title='bbox 1213 1602 1415 1650; x_wconf 87' lang='lat' dir='ltr'>sponsione</span> 
     </span>
     <span class='ocr_line' id='line_1_28' title="bbox 128 1650 1413 1701; baseline 0.004 -15"><span class='ocrx_word' id='word_1_235' title='bbox 128 1650 377 1697; x_wconf 67' lang='lat' dir='ltr'>“commissa‚</span> <span class='ocrx_word' id='word_1_236' title='bbox 412 1651 516 1688; x_wconf 87' lang='lat' dir='ltr'>iratis</span> <span class='ocrx_word' id='word_1_237' title='bbox 547 1653 723 1689; x_wconf 89' lang='lat' dir='ltr'>omnibus</span> <span class='ocrx_word' id='word_1_238' title='bbox 752 1652 847 1698; x_wconf 91' lang='lat' dir='ltr'>Diis,</span> <span class='ocrx_word' id='word_1_239' title='bbox 877 1666 1035 1701; x_wconf 88' lang='lat' dir='ltr'>quorum</span> <span class='ocrx_word' id='word_1_240' title='bbox 1065 1653 1228 1690; x_wconf 84' lang='lat' dir='ltr'>eluditur</span> <span class='ocrx_word' id='word_1_241' title='bbox 1256 1666 1413 1697; x_wconf 89' lang='lat' dir='ltr'>numen,</span> 
     </span>
     <span class='ocr_line' id='line_1_29' title="bbox 128 1703 1415 1753; baseline 0.003 -15"><span class='ocrx_word' id='word_1_242' title='bbox 128 1703 153 1723; x_wconf 86' lang='lat'><strong>“</strong></span> <span class='ocrx_word' id='word_1_243' title='bbox 166 1703 333 1739; x_wconf 89' lang='lat' dir='ltr'>redeant.</span> <span class='ocrx_word' id='word_1_244' title='bbox 406 1704 536 1741; x_wconf 89' lang='lat' dir='ltr'>Gerite</span> <span class='ocrx_word' id='word_1_245' title='bbox 573 1704 727 1751; x_wconf 90' lang='lat' dir='ltr'>bellum,</span> <span class='ocrx_word' id='word_1_246' title='bbox 764 1706 915 1753; x_wconf 91' lang='lat' dir='ltr'>quando</span> <span class='ocrx_word' id='word_1_247' title='bbox 945 1706 1010 1753; x_wconf 81' lang='lat' dir='ltr'>Sp.</span> <span class='ocrx_word' id='word_1_248' title='bbox 1050 1705 1265 1742; x_wconf 83' lang='lat' dir='ltr'>Postumius</span> <span class='ocrx_word' id='word_1_249' title='bbox 1303 1706 1415 1743; x_wconf 76' lang='lat' dir='ltr'>modo</span> 
     </span>
     <span class='ocr_line' id='line_1_30' title="bbox 128 1754 1412 1805; baseline 0.002 -14"><span class='ocrx_word' id='word_1_250' title='bbox 128 1754 328 1803; x_wconf 86' lang='lat' dir='ltr'>“legatum</span> <span class='ocrx_word' id='word_1_251' title='bbox 350 1754 522 1793; x_wconf 87' lang='lat' dir='ltr'>fecialem</span> <span class='ocrx_word' id='word_1_252' title='bbox 542 1769 643 1805; x_wconf 90' lang='lat' dir='ltr'>genu</span> <span class='ocrx_word' id='word_1_253' title='bbox 663 1757 833 1805; x_wconf 89' lang='lat' dir='ltr'>perculit.</span> <span class='ocrx_word' id='word_1_254' title='bbox 890 1757 948 1793; x_wconf 84' lang='lat' dir='ltr'>Ita</span> <span class='ocrx_word' id='word_1_255' title='bbox 984 1757 1045 1794; x_wconf 93' lang='lat' dir='ltr'>Dii</span> <span class='ocrx_word' id='word_1_256' title='bbox 1074 1759 1242 1803; x_wconf 84' lang='lat' dir='ltr'>credent,</span> <span class='ocrx_word' id='word_1_257' title='bbox 1264 1759 1412 1795; x_wconf 84' lang='lat' dir='ltr'>Samni-</span> 
     </span>
     <span class='ocr_line' id='line_1_31' title="bbox 83 1807 1414 1856; baseline 0.004 -14"><span class='ocrx_word' id='word_1_258' title='bbox 83 1808 152 1838; x_wconf 74' lang='lat'>³0“</span> <span class='ocrx_word' id='word_1_259' title='bbox 169 1813 244 1842; x_wconf 90' lang='lat' dir='ltr'>tem</span> <span class='ocrx_word' id='word_1_260' title='bbox 264 1808 386 1844; x_wconf 85' lang='lat' dir='ltr'>civem</span> <span class='ocrx_word' id='word_1_261' title='bbox 406 1807 654 1854; x_wconf 87' lang='lat' dir='ltr'>Postumium,</span> <span class='ocrx_word' id='word_1_262' title='bbox 689 1822 764 1845; x_wconf 90' lang='lat' dir='ltr'>non</span> <span class='ocrx_word' id='word_1_263' title='bbox 798 1810 919 1845; x_wconf 79' lang='lat' dir='ltr'>civem</span> <span class='ocrx_word' id='word_1_264' title='bbox 951 1810 1184 1856; x_wconf 84' lang='lat' dir='ltr'>Romanum,</span> <span class='ocrx_word' id='word_1_265' title='bbox 1217 1822 1314 1854; x_wconf 87' lang='lat' dir='ltr'>esse,</span> <span class='ocrx_word' id='word_1_266' title='bbox 1335 1818 1373 1847; x_wconf 90' lang='lat' dir='ltr'>et</span> <span class='ocrx_word' id='word_1_267' title='bbox 1393 1824 1414 1848; x_wconf 93' lang='lat' dir='ltr'>a</span> 
     </span>
     <span class='ocr_line' id='line_1_32' title="bbox 127 1859 1415 1911; baseline 0.004 -16"><span class='ocrx_word' id='word_1_268' title='bbox 127 1861 151 1881; x_wconf 84' lang='lat'><strong>“</strong></span> <span class='ocrx_word' id='word_1_269' title='bbox 166 1859 336 1896; x_wconf 89' lang='lat' dir='ltr'>Samnite</span> <span class='ocrx_word' id='word_1_270' title='bbox 356 1859 522 1909; x_wconf 87' lang='lat' dir='ltr'>legatum</span> <span class='ocrx_word' id='word_1_271' title='bbox 543 1861 762 1898; x_wconf 81' lang='lat' dir='ltr'>Romanum</span> <span class='ocrx_word' id='word_1_272' title='bbox 784 1862 983 1898; x_wconf 90' lang='lat' dir='ltr'>violatum:</span> <span class='ocrx_word' id='word_1_273' title='bbox 1027 1861 1071 1897; x_wconf 72' lang='lat' dir='ltr'>eo</span> <span class='ocrx_word' id='word_1_274' title='bbox 1090 1863 1195 1898; x_wconf 90' lang='lat' dir='ltr'>vobis</span> <span class='ocrx_word' id='word_1_275' title='bbox 1211 1863 1353 1911; x_wconf 90' lang='lat' dir='ltr'>justum</span> <span class='ocrx_word' id='word_1_276' title='bbox 1378 1863 1415 1900; x_wconf 91' lang='lat' dir='ltr'>in</span> 
     </span>
     <span class='ocr_line' id='line_1_33' title="bbox 127 1911 1412 1963; baseline 0.004 -16"><span class='ocrx_word' id='word_1_277' title='bbox 127 1915 232 1948; x_wconf 89' lang='lat' dir='ltr'>“nos</span> <span class='ocrx_word' id='word_1_278' title='bbox 263 1911 403 1948; x_wconf 84' lang='lat' dir='ltr'>factum</span> <span class='ocrx_word' id='word_1_279' title='bbox 436 1924 519 1949; x_wconf 88' lang='lat' dir='ltr'>esse</span> <span class='ocrx_word' id='word_1_280' title='bbox 553 1912 705 1949; x_wconf 89' lang='lat' dir='ltr'>bellum.</span> <span class='ocrx_word' id='word_1_281' title='bbox 762 1913 859 1950; x_wconf 81' lang='lat' dir='ltr'>Hoec</span> <span class='ocrx_word' id='word_1_282' title='bbox 891 1914 1054 1950; x_wconf 85' lang='lat' dir='ltr'>ludibria</span> <span class='ocrx_word' id='word_1_283' title='bbox 1081 1914 1304 1963; x_wconf 88' lang='lat' dir='ltr'>religionum</span> <span class='ocrx_word' id='word_1_284' title='bbox 1337 1928 1412 1952; x_wconf 90' lang='lat' dir='ltr'>non</span> 
     </span>
     <span class='ocr_line' id='line_1_34' title="bbox 126 1964 1413 2016; baseline 0.005 -17"><span class='ocrx_word' id='word_1_285' title='bbox 126 1967 150 1987; x_wconf 83' lang='lat'><strong>“</strong></span> <span class='ocrx_word' id='word_1_286' title='bbox 164 1964 306 2012; x_wconf 90' lang='lat' dir='ltr'>pudere</span> <span class='ocrx_word' id='word_1_287' title='bbox 327 1964 364 2001; x_wconf 92' lang='lat' dir='ltr'>in</span> <span class='ocrx_word' id='word_1_288' title='bbox 385 1964 510 2001; x_wconf 84' lang='lat' dir='ltr'>lucem</span> <span class='ocrx_word' id='word_1_289' title='bbox 529 1965 724 2014; x_wconf 71' lang='lat' dir='ltr'>proferre?</span> <span class='ocrx_word' id='word_1_290' title='bbox 770 1973 806 2002; x_wconf 91' lang='lat' dir='ltr'>et</span> <span class='ocrx_word' id='word_1_291' title='bbox 828 1966 886 2002; x_wconf 86' lang='lat' dir='ltr'>vix</span> <span class='ocrx_word' id='word_1_292' title='bbox 906 1967 1033 2014; x_wconf 85' lang='lat' dir='ltr'>pneris</span> <span class='ocrx_word' id='word_1_293' title='bbox 1066 1967 1201 2016; x_wconf 87' lang='lat' dir='ltr'>dignas</span> <span class='ocrx_word' id='word_1_294' title='bbox 1234 1967 1413 2016; x_wconf 85' lang='lat' dir='ltr'>ambages</span> 
     </span>
     <span class='ocr_line' id='line_1_35' title="bbox 127 2017 1412 2067; baseline 0.004 -15"><span class='ocrx_word' id='word_1_295' title='bbox 127 2024 275 2052; x_wconf 85' lang='lat' dir='ltr'>“senes</span> <span class='ocrx_word' id='word_1_296' title='bbox 304 2028 349 2053; x_wconf 91' lang='lat' dir='ltr'>ac</span> <span class='ocrx_word' id='word_1_297' title='bbox 381 2017 599 2054; x_wconf 85' lang='lat' dir='ltr'>consulares</span> <span class='ocrx_word' id='word_1_298' title='bbox 628 2017 800 2054; x_wconf 66' lang='lat' dir='ltr'>fallendae</span> <span class='ocrx_word' id='word_1_299' title='bbox 838 2018 923 2054; x_wconf 84' lang='lat' dir='ltr'>fidei</span> <span class='ocrx_word' id='word_1_300' title='bbox 958 2019 1181 2067; x_wconf 72' lang='lat' dir='ltr'>exquirere?</span> <span class='ocrx_word' id='word_1_301' title='bbox 1238 2019 1269 2063; x_wconf 85' lang='grc' dir='ltr'>Ι,</span> <span class='ocrx_word' id='word_1_302' title='bbox 1291 2020 1412 2067; x_wconf 86' lang='lat' dir='ltr'>lictor,</span> 
     </span>
     <span class='ocr_line' id='line_1_36' title="bbox 81 2069 1412 2120; baseline 0.003 -16"><span class='ocrx_word' id='word_1_303' title='bbox 81 2072 148 2099; x_wconf 64' lang='lat'>35³⁸</span> <span class='ocrx_word' id='word_1_304' title='bbox 164 2069 274 2105; x_wconf 87' lang='lat' dir='ltr'>deme</span> <span class='ocrx_word' id='word_1_305' title='bbox 311 2069 436 2106; x_wconf 84' lang='lat' dir='ltr'>vincla</span> <span class='ocrx_word' id='word_1_306' title='bbox 471 2070 680 2106; x_wconf 88' lang='lat' dir='ltr'>Romanis:</span> <span class='ocrx_word' id='word_1_307' title='bbox 729 2078 894 2107; x_wconf 88' lang='lat' dir='ltr'>moratus</span> <span class='ocrx_word' id='word_1_308' title='bbox 926 2071 974 2107; x_wconf 88' lang='lat' dir='ltr'>sit</span> <span class='ocrx_word' id='word_1_309' title='bbox 1006 2084 1131 2118; x_wconf 85' lang='lat' dir='ltr'>nemo,</span> <span class='ocrx_word' id='word_1_310' title='bbox 1168 2071 1241 2120; x_wconf 73' lang='lat' dir='ltr'>quo</span> <span class='ocrx_word' id='word_1_311' title='bbox 1275 2072 1412 2119; x_wconf 75' lang='lat' dir='ltr'>mimis,</span> 
     </span>
     <span class='ocr_line' id='line_1_37' title="bbox 127 2121 1413 2173; baseline 0.004 -17"><span class='ocrx_word' id='word_1_312' title='bbox 127 2127 149 2142; x_wconf 88' lang='lat'><strong><em>“</em></strong></span> <span class='ocrx_word' id='word_1_313' title='bbox 165 2121 228 2157; x_wconf 95' lang='lat' dir='ltr'>ubi</span> <span class='ocrx_word' id='word_1_314' title='bbox 249 2121 368 2158; x_wconf 87' lang='lat' dir='ltr'>visum</span> <span class='ocrx_word' id='word_1_315' title='bbox 389 2121 513 2164; x_wconf 84' lang='lat' dir='ltr'>suerit,</span> <span class='ocrx_word' id='word_1_316' title='bbox 535 2122 712 2160; x_wconf 79' lang='lat' dir='ltr'>abeant.’&#39;</span> <span class='ocrx_word' id='word_1_317' title='bbox 769 2123 818 2159; x_wconf 91' lang='lat' dir='ltr'>Et</span> <span class='ocrx_word' id='word_1_318' title='bbox 838 2123 890 2159; x_wconf 91' lang='lat' dir='ltr'>illi</span> <span class='ocrx_word' id='word_1_319' title='bbox 910 2123 1075 2171; x_wconf 91' lang='lat' dir='ltr'>quidem,</span> <span class='ocrx_word' id='word_1_320' title='bbox 1091 2124 1242 2161; x_wconf 85' lang='lat' dir='ltr'>forsitan</span> <span class='ocrx_word' id='word_1_321' title='bbox 1264 2133 1302 2161; x_wconf 93' lang='lat' dir='ltr'>et</span> <span class='ocrx_word' id='word_1_322' title='bbox 1322 2125 1413 2173; x_wconf 91' lang='lat' dir='ltr'>pub-</span> 
     </span>
     <span class='ocr_line' id='line_1_38' title="bbox 127 2172 1412 2223; baseline 0.005 -15"><span class='ocrx_word' id='word_1_323' title='bbox 127 2172 214 2215; x_wconf 75' lang='lat' dir='ltr'>lica,</span> <span class='ocrx_word' id='word_1_324' title='bbox 235 2173 304 2210; x_wconf 69' lang='lat' dir='ltr'>sua</span> <span class='ocrx_word' id='word_1_325' title='bbox 333 2174 434 2211; x_wconf 71' lang='lat' dir='ltr'>certe</span> <span class='ocrx_word' id='word_1_326' title='bbox 462 2174 621 2212; x_wconf 75' lang='lat' dir='ltr'>liberata</span> <span class='ocrx_word' id='word_1_327' title='bbox 648 2175 735 2223; x_wconf 88' lang='lat' dir='ltr'>fide,</span> <span class='ocrx_word' id='word_1_328' title='bbox 755 2175 802 2212; x_wconf 87' lang='lat' dir='ltr'>ab</span> <span class='ocrx_word' id='word_1_329' title='bbox 832 2175 980 2213; x_wconf 88' lang='lat' dir='ltr'>Caudio</span> <span class='ocrx_word' id='word_1_330' title='bbox 1006 2176 1045 2213; x_wconf 90' lang='lat' dir='ltr'>in</span> <span class='ocrx_word' id='word_1_331' title='bbox 1079 2184 1202 2213; x_wconf 87' lang='lat' dir='ltr'>castra</span> <span class='ocrx_word' id='word_1_332' title='bbox 1235 2177 1412 2214; x_wconf 87' lang='lat' dir='ltr'>Romana</span> 
     </span>
     <span class='ocr_line' id='line_1_39' title="bbox 127 2223 517 2265; baseline 0.008 -4"><span class='ocrx_word' id='word_1_333' title='bbox 127 2223 293 2262; x_wconf 87' lang='lat' dir='ltr'>inviolati</span> <span class='ocrx_word' id='word_1_334' title='bbox 312 2225 517 2265; x_wconf 83' lang='lat' dir='ltr'>redierunt.</span> 
     </span>
    </p>
   </div>
   <div class='ocr_carea' id='block_1_3' title="bbox 83 2329 1409 2540">
    <p class='ocr_par' dir='ltr' id='par_1_3' title="bbox 83 2329 1409 2540">
     <span class='ocr_line' id='line_1_40' title="bbox 180 2329 1408 2386; baseline 0.004 -20"><span class='ocrx_word' id='word_1_335' title='bbox 180 2329 290 2367; x_wconf 91' lang='lat' dir='ltr'>XVI.</span> <span class='ocrx_word' id='word_1_336' title='bbox 319 2356 329 2366; x_wconf 89' lang='lat'><strong>.</strong></span> <span class='ocrx_word' id='word_1_337' title='bbox 359 2358 368 2368; x_wconf 87' lang='lat'><strong>.</strong></span> <span class='ocrx_word' id='word_1_338' title='bbox 475 2359 484 2368; x_wconf 86' lang='lat'><strong>.</strong></span> <span class='ocrx_word' id='word_1_339' title='bbox 515 2331 584 2382; x_wconf 88' lang='lat' dir='ltr'>[L.</span> <span class='ocrx_word' id='word_1_340' title='bbox 605 2333 796 2383; x_wconf 84' lang='lat' dir='ltr'>Papirius</span> <span class='ocrx_word' id='word_1_341' title='bbox 819 2333 979 2386; x_wconf 77' lang='lat' dir='ltr'>Cursor]</span> <span class='ocrx_word' id='word_1_342' title='bbox 1011 2334 1081 2371; x_wconf 85' lang='lat' dir='ltr'>fuit</span> <span class='ocrx_word' id='word_1_343' title='bbox 1100 2334 1154 2371; x_wconf 87' lang='lat' dir='ltr'>vir</span> <span class='ocrx_word' id='word_1_344' title='bbox 1174 2335 1275 2372; x_wconf 91' lang='lat' dir='ltr'>haud</span> <span class='ocrx_word' id='word_1_345' title='bbox 1295 2335 1408 2371; x_wconf 73' lang='lat' dir='ltr'>dubie</span> 
     </span>
     <span class='ocr_line' id='line_1_41' title="bbox 83 2382 1406 2436; baseline 0.005 -19"><span class='ocrx_word' id='word_1_346' title='bbox 83 2382 266 2432; x_wconf 74' lang='lat' dir='ltr'>wdignus</span> <span class='ocrx_word' id='word_1_347' title='bbox 301 2383 404 2420; x_wconf 90' lang='lat' dir='ltr'>omni</span> <span class='ocrx_word' id='word_1_348' title='bbox 435 2383 569 2421; x_wconf 70' lang='lat' dir='ltr'>bellica</span> <span class='ocrx_word' id='word_1_349' title='bbox 602 2384 724 2432; x_wconf 88' lang='lat' dir='ltr'>laude,</span> <span class='ocrx_word' id='word_1_350' title='bbox 758 2399 832 2423; x_wconf 91' lang='lat' dir='ltr'>non</span> <span class='ocrx_word' id='word_1_351' title='bbox 868 2387 984 2423; x_wconf 89' lang='lat' dir='ltr'>animi</span> <span class='ocrx_word' id='word_1_352' title='bbox 1021 2387 1139 2424; x_wconf 73' lang='lat' dir='ltr'>solnm</span> <span class='ocrx_word' id='word_1_353' title='bbox 1175 2387 1312 2436; x_wconf 86' lang='lat' dir='ltr'>vigore,</span> <span class='ocrx_word' id='word_1_354' title='bbox 1342 2387 1406 2423; x_wconf 88' lang='lat' dir='ltr'>sed</span> 
     </span>
     <span class='ocr_line' id='line_1_42' title="bbox 126 2435 1409 2489; baseline 0.002 -18"><span class='ocrx_word' id='word_1_355' title='bbox 126 2435 238 2471; x_wconf 89' lang='lat' dir='ltr'>etiam</span> <span class='ocrx_word' id='word_1_356' title='bbox 259 2436 424 2484; x_wconf 89' lang='lat' dir='ltr'>corporis</span> <span class='ocrx_word' id='word_1_357' title='bbox 445 2436 584 2473; x_wconf 89' lang='lat' dir='ltr'>viribus</span> <span class='ocrx_word' id='word_1_358' title='bbox 602 2439 802 2476; x_wconf 85' lang='lat' dir='ltr'>excellens.</span> <span class='ocrx_word' id='word_1_359' title='bbox 860 2439 1057 2489; x_wconf 69' lang='lat' dir='ltr'>Praecipua</span> <span class='ocrx_word' id='word_1_360' title='bbox 1088 2440 1225 2488; x_wconf 90' lang='lat' dir='ltr'>pedum</span> <span class='ocrx_word' id='word_1_361' title='bbox 1249 2439 1409 2487; x_wconf 87' lang='lat' dir='ltr'>pernici-</span> 
     </span>
     <span class='ocr_line' id='line_1_43' title="bbox 126 2488 1406 2540; baseline 0.002 -16"><span class='ocrx_word' id='word_1_362' title='bbox 126 2494 182 2524; x_wconf 86' lang='lat' dir='ltr'>tas</span> <span class='ocrx_word' id='word_1_363' title='bbox 202 2488 334 2532; x_wconf 87' lang='lat' dir='ltr'>inerat,</span> <span class='ocrx_word' id='word_1_364' title='bbox 355 2501 438 2536; x_wconf 86' lang='lat' dir='ltr'>quae</span> <span class='ocrx_word' id='word_1_365' title='bbox 468 2501 679 2538; x_wconf 86' lang='lat' dir='ltr'>cognomen</span> <span class='ocrx_word' id='word_1_366' title='bbox 710 2491 822 2528; x_wconf 91' lang='lat' dir='ltr'>etiam</span> <span class='ocrx_word' id='word_1_367' title='bbox 843 2491 968 2537; x_wconf 83' lang='lat' dir='ltr'>dedit3</span> <span class='ocrx_word' id='word_1_368' title='bbox 1011 2492 1265 2540; x_wconf 85' lang='lat' dir='ltr'>victoremque</span> <span class='ocrx_word' id='word_1_369' title='bbox 1294 2503 1406 2528; x_wconf 87' lang='lat' dir='ltr'>cursu</span> 
     </span>
    </p>
   </div>
   <div class='ocr_carea' id='block_1_4' title="bbox 598 2542 645 2600">
    <p class='ocr_par' dir='ltr' id='par_1_4' title="bbox 598 2542 645 2600">
     <span class='ocr_line' id='line_1_44' title="bbox 598 2542 645 2600; baseline 0 0"><span class='ocrx_word' id='word_1_370' title='bbox 598 2542 645 2600; x_wconf 65' lang='lat'>14</span> 
     </span>
    </p>
   </div>
  </div>
 </body>
</html>
