1617 2765
558 189 698 221 LIBER
721 188 765 219 11.
812 197 891 219 CAP.
908 197 1010 219 xxm.
1375 189 1428 227 69

142 286 413 330 restituerunt3
442 290 480 321 et
499 284 598 333 apud
626 297 755 333 regem
775 283 980 320 Etruscum
999 295 1076 319 non
1096 289 1176 319 tuta
1195 282 1325 329 solam,
1360 285 1426 322 sed

142 339 323 375 honorata
341 338 469 381 etiam,
489 337 605 373 virtus
625 337 694 373 fuit
711 350 719 381 ;
749 336 1014 383 laudatamque
1035 335 1218 383 virginem
1238 343 1342 383 parte
1362 337 1427 372 ob-

141 391 267 428 sidum
286 403 325 426 se
345 390 486 426 donare
506 389 622 425 dixit:
652 389 744 438 ipsa,
765 401 858 436 quos
877 388 1000 430 vellet,
1014 388 1166 436 legeret.
1227 387 1426 425 Productis

140 442 330 485 omnibus,
350 442 511 491 elegisse
542 441 713 490 impubes
733 441 898 484 dicitur3
945 440 1044 488 quod
1065 446 1101 476 et
1130 439 1334 488 virginitati
1364 441 1426 477 de-

109 506 285 540 5corum‚
314 503 352 530 et
383 506 573 531 consensu
601 494 776 530 obsidum
806 493 972 541 ipsorum
1000 492 1197 553 probabile
1222 500 1312 538 erat,
1342 505 1424 529 eain

139 553 287 582 aetatem
309 545 541 595 potissimum
561 546 711 582 liberari
728 546 774 582 ab
795 546 913 590 hoste,
933 557 1016 592 quae
1037 544 1200 580 maxime
1216 552 1427 592 opportuna

139 597 285 656 injuriae
304 606 415 635 esset.
473 598 573 635 Pace
589 599 856 647 redintegrata,
875 575 1042 633 R'omani
1063 609 1197 633 novam
1211 597 1247 634 in
1270 596 1420 633 foemin
1403 610 1426 633 a

137 650 312 687 virtutem
350 664 446 687 novo
473 663 613 700 gene1e
642 651 807 694 honoris,
847 650 971 686 statua
1009 650 1184 697 equestri,
1215 649 1357 685 donam
1363 662 1424 686 rte

137 702 174 738 in
196 703 345 740 summa
365 704 485 740 Sacra
505 703 564 740 via
585 703 654 740 suit
672 703 794 753 posita
813 703 916 752 virgo
933 702 1101 738 insidens
1120 715 1228 750 equo.

89 796 115 844 Ξ
188 807 347 846 ΧΧΙΙΙ.
404 836 533 847 .....
551 809 699 846 Bellum
712 809 894 846 Volscum
909 808 1144 855 immlnebat
1157 815 1194 844 et
1207 808 1351 853 civitas,
1369 820 1425 844 se-

97 870 114 904 ιζ
135 872 222 896 cum
246 861 324 910 ipsa
343 861 500 905 discors,
521 862 700 899 intestino
720 862 816 898 inter
836 862 967 898 Patres
999 839 1222 910 plebemque
1244 860 1425 909 flagrabat

97 909 232 959 *odim
253 913 416 950 maxime
434 922 582 962 propter
598 927 715 951 nexos
733 915 781 950 ob
798 927 847 950 tes
860 915 1036 950 alienum.
1069 913 1312 959 Fremebant‚
1333 915 1355 934 “
1371 925 1424 959 se,

88 969 113 1019 ᾗ
134 965 158 985 “
175 964 263 1001 soris
283 978 348 1014 pro
367 966 539 1002 libertate
569 974 607 1002 et
636 966 792 1014 imperio
825 966 1063 1010 dimicantes,
1098 965 1200 1001 domi
1236 978 1257 1000 a
1276 943 1424 1001 civibus

133 1018 302 1066 “captos
335 1026 373 1054 et
401 1031 597 1067 oppressos
617 1031 724 1062 esse3
767 1018 1017 1065 tutioremque
1049 1018 1086 1053 in
1118 1017 1215 1053 bello
1244 1017 1355 1065 quim
1386 1017 1423 1052 in

95 1083 114 1100 =>
134 1070 158 1091 “
174 1082 281 1118 pace,
319 1070 416 1107 inter
452 1071 578 1107 hostes
614 1083 727 1119 quam
765 1070 862 1106 inter
898 1070 1010 1115 cives,
1055 1069 1265 1105 libertatem
1304 1069 1423 1127 plebis

133 1123 157 1144 “
174 1122 318 1159 esse:”
347 1122 603 1171 invidiamque
623 1136 720 1166 eam,
742 1123 811 1159 sua
840 1130 972 1172 sponte
1002 1121 1270 1171 gliscentem,
1263 1122 1423 1170 insignis

133 1174 246 1211 unius
265 1175 460 1212 calamitas
492 1176 681 1212 accendit.
739 1176 884 1224 Magno
914 1182 1006 1211 natu
1039 1174 1205 1222 quidam⁷
1236 1187 1323 1210 cum
1344 1187 1423 1210 om-

132 1227 238 1263 nium
260 1228 440 1265 malorum
461 1241 613 1265 suorum
635 1228 862 1277 insignibus,
883 1240 922 1263 se
944 1228 981 1263 in
1002 1227 1122 1263 forum
1142 1227 1323 1275 projecit:
1357 1227 1422 1262 ob-

133 1279 204 1316 sita
222 1287 300 1317 erat
320 1281 491 1329 squalore
523 1280 649 1324 vestis,
681 1281 812 1317 foedior
842 1280 1006 1328 corporis
1040 1279 1189 1315 habitus
1219 1279 1356 1327 pallore
1376 1291 1422 1315 ac

88 1345 121 1370 ρο
134 1332 256 1369 macie
275 1333 470 1382 perempti.
528 1334 591 1370 Ad
614 1334 696 1381 hoc,
716 1333 899 1383 promissa
928 1332 1044 1369 barba
1071 1339 1109 1370 et
1138 1332 1263 1382 capilli
1293 1332 1422 1369 effera-

134 1393 264 1422 verant
283 1386 450 1434 speciem
468 1386 554 1423 oris.
611 1387 881 1424 Noscitabatur
910 1394 1036 1423 tamen
1057 1386 1093 1422 in
1115 1386 1220 1423 tanta
1245 1386 1422 1422 deformi-

132 1444 222 1484 tate,
242 1445 279 1474 et
297 1439 449 1475 ordines
469 1439 620 1475 duxisse
641 1440 793 1476 aiebant
810 1453 817 1483 ;
856 1440 1002 1487 aliaque
1024 1439 1165 1475 militiae
1185 1439 1324 1475 decora
1344 1439 1421 1474 vul-

131 1488 195 1538 go,
217 1490 439 1527 miserantes
458 1504 559 1535 eum,
576 1491 792 1540 jactabant;
836 1492 926 1540 ipse,
957 1498 1071 1527 testes
1091 1492 1334 1527 honestarum
1356 1491 1421 1527 ali-

131 1549 220 1589 quot
238 1543 331 1579 locis
351 1555 578 1592 pugnarum,
605 1544 804 1580 cicatrices
837 1545 993 1580 adverso
1021 1551 1173 1592 pectore
1193 1543 1418 1579 ostentabat.

87 1607 120 1632 25
133 1594 425 1632 Sciscitantibus
444 1597 545 1632 unde
565 1596 626 1632 ille
657 1597 836 1633 habitus?
883 1596 984 1632 unde
1015 1596 1262 1632 deformitas?
1303 1608 1419 1643 quum

132 1646 363 1684 circumfusa
381 1648 490 1685 turba
509 1656 608 1685 esset
626 1649 742 1698 prope
764 1649 801 1685 in
822 1648 1019 1685 concionis
1036 1649 1202 1694 modum,
1232 1650 1255 1670 ‘⁶
1276 1648 1420 1684 Sabino

132 1700 156 1720 “
174 1699 314 1742 bello‚”
335 1700 398 1746 ait,
419 1702 443 1724 “
456 1713 495 1737 se
516 1701 753 1746 militantem,
777 1702 864 1749 quia
884 1708 1034 1749 propter
1054 1701 1318 1749 populationes
1339 1701 1418 1749 agri

132 1752 156 1773 “
173 1765 248 1788 non
269 1752 393 1789 fructu
414 1752 524 1790 modo
544 1754 720 1796 caruerit,
748 1754 813 1789 sed
844 1754 929 1790 villa
949 1754 1107 1789 incensa
1127 1753 1251 1795 fuerit,
1273 1753 1420 1801 direpta

131 1805 155 1826 “
170 1804 310 1847 omnia,
341 1817 479 1853 pecora
508 1806 654 1849 abacta,
685 1806 866 1842 tributum
896 1806 1025 1853 iniquo
1055 1818 1122 1842 suo
1155 1812 1323 1854 ternpore
1354 1805 1420 1840 im-

86 1869 118 1895 30
131 1857 155 1879 “
172 1864 356 1906 peratum,
378 1870 427 1894 aes
447 1858 793 1895 alienunufecisse:
841 1858 890 1903 id,
925 1858 1161 1894 cumulatum
1181 1857 1315 1901 usuris,
1346 1858 1419 1905 pri·

131 1911 154 1931 “
172 1908 231 1946 md
245 1922 285 1946 se
306 1922 396 1959 agro
415 1917 571 1958 paterno
591 1910 762 1958 avitoque
791 1911 953 1953 exuisse,
976 1910 1115 1946 deinde
1133 1910 1291 1946 fortunis
1312 1910 1417 1945 aliis:

130 1963 154 1984 “
171 1963 369 2011 postremo,
401 1963 501 1999 velut
521 1963 661 2006 tabem,
681 1963 897 2012 pervenisse
917 1963 963 1998 ad
984 1975 1130 2011 corpus.
1188 1962 1357 1998 Ductum
1379 1975 1418 1998 so

129 2015 218 2052 “ab
237 2014 436 2062 creditore,
458 2028 532 2052 non
554 2015 591 2052 in
622 2016 827 2060 servitium,
858 2016 923 2051 sed
954 2015 990 2051 in
1021 2015 1254 2063 ergastulum
1275 2022 1312 2051 et
1340 2027 1420 2051 car·

129 2069 154 2090 ‘⁶
171 2067 363 2104 nifieinam
385 2069 506 2104 esse.''
566 2067 660 2104 Inde
679 2075 869 2104 ostentare
889 2075 1050 2115 tergum,
1085 2068 1226 2104 foedum
1258 2067 1420 2103 recenti-

86 2131 119 2156 35
131 2120 201 2157 bus
219 2119 385 2168 vestigiis
406 2120 614 2156 verberum.
671 2121 733 2156 Ad
755 2121 836 2156 haec
858 2121 935 2156 visa
967 2120 1168 2168 auditaque
1202 2120 1344 2156 clamor
1365 2120 1420 2156 in-

130 2185 226 2222 gens
243 2172 372 2209 oritur.
428 2172 517 2209 Non
535 2173 612 2222 jam
646 2173 724 2210 foro
749 2186 788 2209 se
817 2173 1001 2209 tumultus
1034 2173 1217 2215 continet,
1249 2173 1315 2208 sed
1336 2185 1419 2220 pas-

131 2225 203 2261 sim
223 2231 336 2260 totam
356 2224 489 2261 urbem
517 2226 699 2273 pervadit.
757 2225 869 2262 Nexu
891 2225 1005 2261 vincti
1030 2225 1214 2273 solutique
1249 2237 1288 2261 se
1311 2225 1418 2261 undi-

131 2289 204 2324 que
235 2275 272 2312 in
300 2276 494 2323 publicum
533 2278 767 2326 proripiuntg
815 2277 1014 2326 implorant
1047 2277 1260 2316 Quiritium
1291 2277 1417 2313 fidem.

132 2328 249 2366 Nullo
269 2327 352 2363 loco
370 2328 475 2366 deest
493 2330 689 2367 seditionis
703 2331 933 2367 voluntarius
952 2343 1080 2367 comes
1098 2343 1106 2365 :
1136 2330 1263 2366 multis
1279 2330 1416 2378 passim

87 2392 119 2417 40
132 2379 348 2429 agminibus
367 2392 431 2428 per
449 2394 582 2418 omnes
603 2383 679 2419 vias
708 2396 794 2419 cum
825 2383 989 2419 clamore
1019 2382 1056 2418 in
1087 2382 1207 2419 forum
1241 2382 1416 2418 curritur.

133 2433 278 2482 Magno
297 2444 384 2468 cum
405 2433 572 2481 periculo
592 2448 672 2482 suo,
692 2436 754 2483 qui
776 2436 869 2472 forte
904 2435 1055 2472 Patrum
1080 2435 1117 2471 in
1139 2435 1217 2471 foro
1237 2441 1355 2474 erant,
1378 2433 1415 2468 in

132 2498 215 2523 eam
236 2484 382 2523 turbam
401 2485 615 2523 inciderunt
634 2500 641 2524 :
685 2501 756 2525 nec
786 2494 1034 2537 temperatum
1056 2487 1229 2524 manibus
1252 2485 1356 2528 soret,
1378 2484 1416 2522 ni
