1617 2765
163 213 238 251 106
692 213 781 244 'rm
806 214 916 246 Lrvu

161 306 284 355 itaque
305 307 342 345 in
363 308 482 358 majus
510 308 622 345 etiam
644 309 821 357 acceptis,
853 316 892 346 ut
913 310 1008 346 inter
1034 309 1227 358 strepitum
1248 315 1301 345 tot
1320 307 1433 346 bello·

160 371 243 395 rum
263 361 564 397 conticescerent
583 361 750 397 actiones
769 360 993 408 tribuniciae,
1013 361 1182 397 delectus
1198 360 1340 403 haberi,
1355 360 1432 396 bel-

159 410 236 447 lum
265 424 440 460 armaque
474 412 506 448 vi
539 414 683 447 summa
715 413 881 460 apparari
912 413 1058 461 jubent,
1093 413 1123 448 si
1152 411 1223 460 qud
1252 411 1432 448 intentius

157 463 285 509 possit,
314 463 426 512 quam
447 464 495 500 T.
515 463 678 502 Quintio
707 464 861 500 consule
892 473 1107 512 apparatum
1137 465 1194 500 sit.
1251 463 1353 499 Tum
1386 463 1430 500 C.

159 514 366 565 Canulejus
384 528 506 564 pauca
534 515 571 552 in
592 522 724 551 senatu
747 516 984 559 vociferatus,
1014 519 1038 538 ⁶⁶
1055 516 1306 564 nequidquam
1327 516 1432 551 terri·
1460 524 1476 548 5

156 567 307 604 “tando
327 567 501 604 consules
531 574 696 603 avertere
727 567 873 615 plebem
908 581 930 604 a
958 568 1049 604 cura
1083 580 1261 604 novarum
1282 567 1430 615 legum3

156 619 386 667 “nunquam
419 632 483 655 eos
514 632 554 655 se
589 619 669 655 vivo
697 619 886 655 delectum
920 620 1123 662 habituros,
1154 627 1352 666 antequam
1373 631 1430 662 ea,

155 672 273 718 “quae
304 671 538 719 promulgata
574 671 620 707 ab
649 683 689 706 se
719 671 946 719 collegisque
979 680 1117 714 essent,
1150 671 1278 720 plebes
1306 671 1432 707 scivis-

155 724 178 743 “
196 730 252 758 set
268 724 313 766 ;’'
343 729 381 759 et
400 722 596 759 confestim
617 723 663 758 ad
684 723 908 759 concionem
929 723 1132 759 advocavit.

210 825 262 862 II.
293 825 438 861 Eodem
458 833 623 874 tempore
643 832 681 862 et
700 825 874 862 consules
894 834 1065 862 senatum
1097 825 1133 862 in
1154 826 1358 870 tribunum,
1390 833 1427 862 et
1446 835 1476 859 10

153 877 326 913 tribunus
345 877 521 926 populum
552 877 590 914 in
624 877 798 914 consules
828 877 1020 914 incitabat.
1077 877 1280 927 Negabant
1299 890 1432 914 consu-

153 930 220 975 les,
249 929 359 978 “jam
381 929 476 966 ultra
496 929 581 966 ferri
600 942 707 978 posse
729 930 870 966 furores
891 930 1137 966 tribunicios:
1184 936 1335 965 ventum
1352 929 1429 978 jam

155 986 178 1004 ‘⁶
197 982 243 1017 ad
265 981 378 1017 finem
398 994 480 1017 esse
497 994 506 1025 ;
553 981 654 1018 domi
673 981 755 1029 plus
775 981 861 1017 belli
881 982 1075 1027 concitari,
1096 982 1207 1029 quam
1228 981 1325 1018 foris.
1385 981 1427 1017 Id

154 1032 290 1069 “adeo
311 1045 384 1069 non
415 1033 534 1081 plebis
552 1033 664 1081 quam
695 1033 860 1076 Patrum‚
894 1046 1015 1082 neque
1046 1033 1279 1070 tribunorum
1310 1033 1430 1082 magis

153 1084 304 1132 “quam
334 1085 546 1132 consulum,
575 1085 684 1133 culpa
713 1085 912 1122 accidere:
942 1086 1051 1134 cujus
1079 1086 1132 1122 rei
1161 1085 1355 1134 praemium
1377 1085 1424 1122 sit
1443 1093 1474 1118 15

153 1137 231 1173 “in
261 1136 426 1183 civitate,
445 1149 528 1173 eam
557 1137 729 1173 maximis
757 1150 904 1185 semper
933 1138 1105 1174 auctibus
1134 1149 1326 1173 crescere:
1373 1137 1428 1173 sic

152 1190 176 1210 ‘⁶
193 1201 285 1236 pace
307 1189 436 1234 bonos,
465 1188 520 1225 sic
548 1189 646 1225 bello
666 1187 757 1224 fieri.
831 1188 1040 1225 Maximum
1070 1189 1205 1225 Romae
1232 1188 1428 1236 praemium

153 1244 176 1263 ⁶⁶
193 1240 420 1276 seditionum
440 1252 521 1276 esse
540 1253 547 1277 :
586 1240 623 1276 id
643 1247 680 1277 et
699 1240 857 1289 singulis
873 1241 1128 1288 universisque
1149 1252 1295 1288 semper
1315 1240 1429 1276 hono-

153 1296 177 1316 ‘⁶
194 1292 224 1328 ri
262 1291 387 1328 fuisse.
460 1292 828 1339 Reminiscerentur,
866 1306 978 1340 quam
1016 1292 1248 1341 majestatem
1277 1292 1428 1328 senatus

153 1344 259 1394 “ipsi
279 1357 301 1381 a
319 1345 485 1394 patribus
514 1345 762 1394 accepissent,
792 1357 904 1393 quarn
933 1345 1060 1381 liberis
1088 1343 1258 1381 tradituri
1277 1350 1472 1389 essent32o

153 1401 176 1423 ‘⁶
195 1406 234 1437 ut
254 1398 582 1449 (quemadmodum
602 1397 706 1448 plebs
725 1397 874 1450 gloriari
894 1398 1035 1451 posset.)
1049 1396 1253 1436 auctiorem
1274 1396 1427 1447 amplio-

153 1457 176 1476 ⁶⁶
193 1465 344 1500 remque
364 1465 458 1489 esse.
515 1452 650 1489 Finem
667 1465 756 1501 ergo
776 1465 850 1489 non
871 1452 964 1499 fieri,
997 1465 1068 1488 nec
1089 1452 1263 1494 futuram,
1290 1451 1425 1493 donec,

153 1508 176 1527 ‘⁶
192 1505 303 1552 quam
324 1504 453 1540 felices
473 1505 689 1548 seditiones,
722 1511 798 1540 tam
819 1504 988 1541 honorati
1007 1504 1233 1540 seditionum
1254 1508 1427 1538 auctores

152 1560 328 1592 “essent
383 1555 493 1595 Quas
511 1563 742 1604 quantasque
776 1568 835 1592 res
863 1556 906 1591 C.
927 1555 1152 1612 Canulejum
1179 1554 1424 1603 aggressum?

152 1610 176 1630 ‘⁶
192 1607 440 1644 colluvionem
460 1608 641 1656 gentium,
662 1607 980 1665 perturbationem
994 1607 1244 1664 auspiciorum
1260 1605 1426 1663 publico·
1438 1611 1471 1637 25

152 1664 175 1682 ‘⁶
193 1671 273 1694 rum
294 1659 593 1707 privatorumque
613 1660 757 1702 afferre,
778 1672 825 1695 ne
844 1659 932 1707 quid
953 1659 1104 1705 sinceri,
1125 1671 1172 1694 ne
1191 1657 1304 1715 quid
1296 1669 1426 1693 1ncon-

150 1713 174 1733 ‘⁶
192 1711 359 1747 taminati
381 1711 428 1747 sit
445 1725 453 1747 ι
475 1718 524 1756 ut,
546 1711 764 1747 discrimine
776 1711 879 1747 omni
895 1711 1053 1753 sublato,
1071 1722 1143 1746 nec
1159 1722 1198 1746 se
1214 1708 1422 1757 quisquam,

149 1767 174 1785 ‘⁶
191 1775 263 1798 nec
291 1775 378 1799 suos
406 1762 559 1799 noverit.
614 1762 745 1802 Quam
764 1763 866 1799 enim
896 1763 1006 1799 aliam
1026 1762 1101 1798 vim
1130 1760 1321 1798 connubia
1339 1772 1422 1808 pro-

149 1817 172 1837 “
190 1815 334 1850 miscua
355 1815 505 1861 habere,
525 1814 597 1851 nisi
627 1822 667 1851 ut
696 1814 857 1851 ferarum
885 1827 998 1873 prope
1018 1814 1090 1851 ritu
1110 1813 1307 1862 vulgentur
1335 1824 1425 1848 con-

149 1870 172 1889 “
190 1866 339 1902 cubitus
359 1867 479 1924 plebis
495 1845 748 1914 ’Patrumque.
737 1867 751 1893 Ψ
798 1874 850 1912 ut,
879 1867 941 1914 qui
962 1873 1071 1902 natus
1090 1865 1149 1911 sit,
1181 1866 1338 1913 ignoret,
1360 1876 1424 1900 cu·
1437 1870 1469 1895 30

149 1917 246 1965 ⁶⁶jus
266 1918 473 1966 sanguiniS‚
494 1930 650 1965 quorum
671 1930 860 1954 sacrorum
882 1918 949 1962 sit;
991 1917 1168 1953 dimidius
1189 1916 1341 1952 Patrum
1361 1915 1421 1962 sit,

147 1969 366 2005 “dimidius
384 1969 515 2018 plebis,
537 1982 586 2005 ne
614 1982 743 2005 secum
773 1970 923 2016 quidem
953 1969 1031 2017 ipse
1055 1980 1225 2005 concors.
1284 1946 1421 2003 Parum'

148 2026 171 2044 ‘⁶
190 2020 225 2056 id
248 2021 377 2068 videri,
396 2020 495 2069 qued
516 2021 643 2057 omnia
664 2021 791 2056 divina
820 2021 1057 2068 humanaque
1078 2020 1273 2056 turbentur
1292 2031 1299 2055 z
1343 2019 1419 2067 jam

148 2077 171 2096 ‘⁶
189 2073 233 2108 ad
255 2073 489 2109 consulatum
511 2073 611 2121 vulgi
631 2072 839 2109 turbatores
859 2073 1030 2121 accingi;
1059 2079 1097 2108 et
1115 2070 1249 2120 primo,
1271 2078 1310 2108 ut
1329 2071 1420 2107 alter

147 2129 170 2148 ‘⁶
188 2124 319 2161 consul
339 2138 385 2161 ex
404 2125 512 2174 plebe
532 2124 648 2169 fieret,
669 2124 706 2160 id
728 2123 839 2161 modo
852 2125 1086 2164 sermonibus
1099 2125 1261 2160 tentasse
1280 2136 1286 2159 :
1317 2135 1420 2159 nunc
1434 2129 1466 2153 35

147 2182 171 2199 ‘⁶
188 2177 323 2224 rogari,
354 2184 407 2220 ut,
437 2189 503 2214 seu
533 2189 580 2213 ex
609 2176 793 2222 Patribus,
823 2189 889 2212 seu
918 2189 964 2212 ex
992 2176 1100 2224 plebe
1130 2175 1228 2220 velit,
1258 2174 1418 2223 populus

147 2231 170 2250 ‘⁶
188 2228 361 2264 consules
381 2236 507 2265 creet:
550 2236 587 2265 et
606 2237 795 2265 creaturos
815 2228 912 2263 haud
943 2228 1055 2264 dubie
1076 2240 1123 2263 ex
1144 2227 1251 2276 plebe
1273 2226 1422 2262 seditio-

146 2282 169 2302 “
187 2278 374 2316 sissimum
395 2293 592 2328 quemque.
649 2278 855 2327 Canulejos
875 2279 986 2328 igitur
1016 2279 1215 2327 Iciliosque
1245 2278 1421 2315 consules

147 2334 172 2354 ‘⁶
189 2330 277 2367 sore.
346 2332 406 2368 Ne
444 2332 480 2368 id
510 2332 657 2380 Jupiter
686 2331 862 2379 Optimus
901 2331 1086 2367 Maximus
1115 2331 1267 2373 sineret,
1308 2329 1420 2378 regite

148 2387 174 2406 ‘⁶
189 2382 393 2431 majestatis
413 2383 608 2431 imperium
629 2382 675 2419 οὐ
705 2383 872 2419 recidere
891 2395 898 2418 :
944 2390 982 2419 et
1001 2395 1040 2420 se
1071 2383 1204 2419 millies
1224 2381 1421 2418 morituros
1434 2386 1466 2411 4⁰

147 2437 172 2459 ‘⁶
189 2435 325 2483 potins,
345 2436 456 2484 quam
479 2442 518 2471 ut
537 2442 678 2471 tantum
701 2434 896 2470 dedecoris
917 2435 1060 2471 admitti
1081 2435 1279 2483 patiantur.
1327 2432 1422 2468 Cer-

147 2490 265 2523 “tum
287 2487 436 2531 habere,
457 2487 616 2536 majores
648 2499 806 2535 quoque,
841 2486 870 2522 si
901 2487 1145 2530 divinassent,
1175 2484 1422 2522 concedendo
