1626 2753
714 447 762 484 T.
792 447 926 486 LIVII

605 613 1033 661 PRAEFATIO.

248 917 516 954 FAc'rURusNE
545 931 667 966 operae
699 919 858 966 pretium
893 919 976 965 sim,
1010 919 1040 955 si
1070 931 1091 954 a
1118 918 1322 967 primordio
1351 918 1463 955 Urbis

194 993 252 1017 res
284 981 409 1029 populi
442 981 608 1017 Romani
640 981 933 1029 perscripserim,
969 993 1042 1017 nec
1075 982 1163 1017 satis
1197 981 1288 1027 scio,
1317 994 1401 1026 nec,
1431 981 1462 1017 si

193 1044 323 1087 sciam,
344 1044 471 1080 dicere
491 1044 632 1089 ausim;
661 1044 797 1092 quippe
817 1044 892 1092 qui,
909 1057 1024 1092 quum
1041 1051 1217 1087 veterem,
1238 1054 1317 1080 tum
1337 1044 1463 1093 vulga-

191 1113 267 1143 tam
287 1119 368 1148 esse
389 1119 480 1150 rem,
501 1107 661 1150 videam,
682 1107 771 1143 dum
805 1107 891 1143 novi
921 1120 1066 1155 semper
1094 1107 1305 1155 scriptores,
1327 1114 1390 1143 aut
1423 1107 1461 1143 in

163 1170 303 1208 5rebus
322 1170 460 1206 certius
479 1170 618 1218 aliquid
639 1170 813 1206 allaturos
845 1183 895 1216 se,
918 1177 981 1206 aut
1013 1170 1202 1206 scribendi
1232 1177 1309 1206 arte
1329 1170 1460 1206 rudem

191 1240 413 1270 vetustatem
446 1240 696 1282 superaturos,
727 1234 898 1270 credunt.
964 1234 1177 1281 Utcumque
1210 1233 1291 1279 erit,
1316 1233 1461 1282 juvabit

192 1303 330 1342 tamen,
357 1309 481 1333 rerum
510 1303 698 1345 gestarum
719 1297 908 1333 memoriae
927 1296 1107 1345 principis
1135 1303 1317 1333 terrarum
1345 1309 1463 1345 popu-

191 1359 215 1396 li
249 1373 314 1408 pro
346 1360 440 1396 virili
470 1367 571 1408 parte
591 1366 628 1396 et
646 1372 706 1396 me
735 1360 855 1408 ipsum
885 1360 1146 1404 consuluisse3
1176 1366 1224 1405 et,
1246 1359 1334 1396 siin
1355 1361 1460 1396 tanta

191 1423 412 1471 scriptorum
432 1422 542 1459 turba
563 1434 647 1458 mea
667 1422 763 1458 fama
783 1423 820 1458 in
840 1423 999 1458 obscuro
1015 1422 1073 1468 sit,
1091 1422 1283 1459 nobilitate
1299 1435 1344 1459 ac
1361 1435 1462 1472 mag-

149 1500 178 1525 10
191 1486 362 1523 nitudine
398 1498 541 1532 eorum,
578 1498 662 1521 meo
694 1486 756 1533 qui
789 1486 931 1522 nomini
959 1486 1139 1529 officient,
1177 1498 1237 1522 me
1275 1486 1458 1522 consoler.

191 1550 272 1586 Res
290 1556 347 1586 est
374 1555 554 1597 praeterea
581 1555 619 1584 et
649 1548 820 1584 immensi
846 1548 981 1596 operis,
1012 1557 1053 1584 ut
1080 1561 1162 1596 quae
1190 1561 1302 1597 supra
1321 1550 1459 1597 septin-

191 1612 441 1662 gentesimum
461 1624 601 1648 annum
627 1618 835 1660 repetatur;
865 1618 902 1648 et
933 1624 1028 1659 quae,
1059 1612 1106 1647 ab
1126 1611 1271 1660 exiguis
1290 1612 1460 1660 profecta

190 1676 318 1719 initiis,
352 1674 397 1712 eo
430 1675 599 1720 creverit,
634 1682 674 1711 ut
706 1674 784 1723 jam
817 1675 1078 1723 magnitudine
1113 1675 1256 1711 laboret
1292 1675 1382 1711 sust:
1422 1682 1460 1712 et

189 1739 394 1788 legentium
410 1738 610 1787 plerisque,
626 1738 726 1774 haud
746 1737 888 1781 dubito,
905 1738 994 1786 quin
1009 1738 1139 1786 primae
1154 1738 1318 1786 origines
1336 1739 1457 1787 proxi-

147 1817 178 1843 15
190 1815 323 1851 maque
355 1801 563 1850 originibus
610 1801 735 1837 minus
766 1800 967 1849 praebitura
998 1801 1196 1849 voluptatis
1229 1801 1315 1844 sint,
1359 1802 1459 1838 festi-

189 1866 367 1903 nantibus
408 1865 455 1901 ad
493 1865 575 1901 haec
613 1877 721 1907 nova,
756 1864 892 1912 quibus
926 1864 1003 1912 jam
1044 1864 1188 1912 pridem
1223 1864 1458 1912 praevalentis

189 1929 314 1978 populi
342 1928 439 1965 vires
466 1940 506 1964 se
534 1927 623 1976 ipsae
649 1926 866 1964 conficiunt.
923 1927 1018 1975 Ego,
1047 1927 1190 1973 contra,
1210 1927 1282 1963 hoc
1309 1940 1456 1976 quoque

188 1992 324 2029 laboris
343 1991 536 2041 praemium
565 1997 703 2039 petam,
724 1997 765 2026 ut
792 2002 852 2026 me
881 2002 903 2025 a
931 1996 1137 2038 conspectu
1159 1990 1354 2034 malorum,
1375 2003 1457 2038 quae

189 2063 314 2092 nostra
332 2062 386 2092 tot
403 2067 468 2103 per
488 2066 606 2091 annos
627 2053 717 2090 vidit
750 2060 849 2098 aetas,
870 2052 1049 2101 tantisper
1082 2053 1183 2089 certe
1217 2053 1304 2089 dum
1336 2055 1458 2102 prisca

145 2119 252 2160 milla
282 2118 360 2155 tota
391 2125 517 2154 mente
549 2124 689 2166 repeto,
719 2123 895 2159 avertam,
915 2116 1037 2153 omnis
1069 2129 1205 2164 expers
1233 2129 1345 2160 curae,
1375 2130 1456 2165 quae

190 2182 386 2219 scribentis
423 2182 603 2228 animum,
641 2180 709 2218 etsi
747 2193 822 2217 non
865 2179 1016 2216 flectere
1059 2192 1080 2216 a
1118 2192 1217 2226 vero,
1256 2179 1456 2217 sollicitum

190 2252 315 2282 tamen
347 2245 496 2282 efficere
528 2245 655 2294 possit.
709 2244 810 2283 Quae
839 2251 925 2280 ante.
954 2243 1143 2280 conditam
1172 2243 1456 2280 condendamve

190 2308 344 2352 Urbem,
371 2309 530 2357 poeticis
566 2308 686 2357 magis
725 2308 862 2344 decora
900 2306 1046 2353 sabulis,
1083 2306 1193 2354 queim
1233 2306 1456 2354 incorruptis

190 2384 313 2408 rerum
346 2378 532 2420 gestarum
561 2371 826 2417 monumentis,
859 2371 1069 2413 traduntur,
1099 2382 1143 2405 ea
1171 2382 1243 2406 nec
1272 2370 1455 2405 affirmare

146 2448 263 2478 25nec
282 2435 450 2472 refellere
470 2435 507 2471 in
528 2435 651 2472 animo
670 2441 737 2471 est.
793 2434 912 2470 Datur
934 2434 1014 2469 haec
1034 2433 1142 2469 venia
1162 2432 1384 2480 antiquitati,
1402 2438 1453 2475 ut,
