1617 2765
494 493 642 530 LIBRI
671 494 1097 534 QUADRAGESIMI

553 619 648 650 CAP.
671 620 853 651 V-xvr.
886 621 1011 652 XXIV.

484 848 647 869 1-:Px'r0ME
671 848 775 869 LIBRI
800 847 1064 874 QUADRAGESlM
1071 850 1095 869 1.

180 925 275 952 Quum
287 925 427 957 Philippus
439 924 538 950 liberos
550 933 651 957 eorum,
659 933 724 957 quos
734 925 879 957 occiderat,
889 926 1008 958 conquiri
1017 926 1262 958 obsidesjussisset,
1270 925 1428 958 Theoxena,

147 965 194 990 pro
208 958 297 983 liberis
307 959 363 984 suis
375 963 403 983 et
415 957 514 983 sororis
526 958 668 982 admodum
680 958 769 989 pueris
782 958 867 983 verita
888 959 957 991 regis
977 959 1124 989 libidinem,
1146 959 1256 990 prolatis
1275 958 1300 983 in
1313 960 1430 984 medium

150 990 246 1022 gladiis
260 995 287 1016 et
300 991 407 1022 poculo,
420 990 447 1015 in
462 998 513 1022 quo
523 994 584 1014 erat
595 998 738 1022 venenum,
751 991 837 1015 suasit
850 990 894 1022 iis,
914 997 942 1016 ut
955 991 1094 1016 imminens
1107 991 1248 1015 ludibrium
1268 996 1350 1015 morte
1363 992 1430 1016 effu-

149 1027 261 1054 gerent:
280 1024 350 1055 quod
368 1031 447 1055 quum
466 1022 653 1054 persuasisset,
673 1023 731 1054 ipsa
755 1031 782 1047 se
800 1030 860 1047 cum
878 1023 938 1048 viro
963 1031 977 1048 e
1004 1023 1066 1047 navi
1096 1023 1122 1047 in
1150 1031 1222 1048 mare
1243 1024 1428 1054 praecipitavit-

147 1065 183 1086 v.
207 1065 256 1092 vi,
274 1058 334 1087 διε.
360 1056 542 1086 Certamina
558 1057 638 1085 inter
661 1056 798 1095 Philippi
821 1056 1018 1086 Macedoniae
1037 1057 1117 1096 regis
1133 1057 1246 1086 liberos
1263 1057 1380 1086 Persen
1397 1061 1429 1087 et

147 1097 348 1128 Demetrium
363 1097 556 1127 referuntur:
582 1106 663 1126 vm.
682 1098 767 1127 Etut
777 1097 883 1127 fraude
896 1097 993 1128 fratris
1006 1098 1065 1132 sui,
1079 1098 1270 1132 Demetrius,
1282 1097 1428 1128 confictis

148 1138 329 1168 criminibus
349 1139 445 1176 (inter
460 1147 541 1176 quae‚
558 1139 765 1167 accusatione
783 1139 935 1176 parricidii
962 1142 994 1168 et
1010 1139 1146 1168 affectati
1163 1139 1268 1178 regni)
1293 1137 1428 1176 primum

145 1180 276 1218 petitus.
321 1189 415 1209 xmv.
438 1180 488 1208 Ad
504 1179 666 1214 ultimum,
683 1179 829 1217 quoniam
847 1180 953 1217 populi
970 1179 1105 1209 Romani
1128 1180 1247 1208 amicus
1270 1184 1345 1216 erat,
1372 1189 1426 1209 ve-

145 1229 229 1250 neno
252 1225 384 1250 necatus
415 1225 481 1250 est:
522 1232 686 1256 regnumque
701 1224 864 1249 Macedoniae
882 1229 988 1249 mortuo
1005 1224 1129 1256 Philippo
1147 1225 1180 1249 ad
1193 1224 1290 1249 Persen
1302 1224 1427 1250 devenit.

144 1260 215 1285 Item
236 1268 278 1285 res
302 1261 328 1285 in
347 1260 491 1292 Liguribus
520 1266 549 1287 et
575 1263 602 1287 in
630 1262 761 1294 Hispania
783 1266 878 1287 contra
907 1262 1054 1287 Celtiberos
1079 1270 1095 1287 a
1113 1263 1292 1293 compluribus
1310 1262 1426 1288 feliciter

144 1297 237 1324 gestas
261 1293 390 1318 continet.
437 1292 512 1318 Libri
537 1295 632 1319 Numae
658 1295 781 1326 Pompilii
808 1295 834 1319 in
861 1302 925 1326 agro
943 1295 976 1318 L.
997 1294 1088 1319 Petilii
1112 1295 1203 1319 scribae
1226 1295 1274 1320 sub
1300 1294 1427 1320 ,Ianiculo

145 1332 161 1348 a
179 1325 325 1349 cultoribus
338 1325 403 1356 agri,
416 1324 443 1349 in
455 1327 519 1350 arca
531 1327 638 1357 lapidea.
649 1327 744 1358 clausi,
756 1331 784 1351 et
795 1327 879 1351 Graeci
898 1331 925 1351 et
945 1327 1049 1358 Latini,
1068 1327 1168 1351 inventi
1182 1331 1244 1351 sunt
1255 1345 1262 1358 ,
1291 1327 1318 1352 in
1331 1328 1426 1359 quibus

145 1364 225 1388 quum
239 1357 324 1388 plura,
338 1364 395 1389 quae
406 1357 635 1383 dissolvendarum
648 1359 818 1390 religionum,
830 1364 934 1390 praetor,
957 1359 989 1383 ud
1010 1366 1089 1390 quem
1108 1359 1192 1383 delati
1210 1363 1296 1391 erant,
1310 1360 1426 1391 legisset,

141 1389 245 1420 juravit
257 1389 374 1420 senatui,
387 1393 481 1413 eontra
490 1390 680 1421 rempublicam
693 1399 760 1422 esse,
771 1395 801 1415 ut
814 1391 963 1422 legerentur
972 1394 1192 1423 servarenturque
1205 1399 1211 1415 2
1223 1395 1250 1416 et
1258 1399 1291 1416 ex
1304 1391 1428 1416 senatus-

144 1421 267 1445 consulto
279 1421 305 1446 in
319 1421 436 1446 Comitio
447 1423 535 1447 exusti
556 1427 628 1447 sunt.
664 1423 779 1448 Colonia.
799 1423 928 1455 Aquilcja
945 1423 1058 1448 deducta
1076 1427 1125 1448 est.
1161 1423 1311 1455 Philippus,
1323 1424 1427 1455 aegritu-

143 1453 204 1477 dine
217 1454 299 1478 animi
313 1453 459 1485 consectus,
473 1455 540 1486 quod
552 1455 719 1480 Demetrium
733 1455 827 1487 filium,
847 1455 922 1480 salsis
942 1455 1032 1480 Persei
1054 1455 1164 1480 alterius
1185 1456 1233 1480 filii
1247 1456 1426 1481 delationibus

143 1485 284 1517 impulsus,
296 1493 399 1511 veneno
410 1487 573 1519 sustulisset,
585 1491 612 1512 et
625 1488 657 1512 de
667 1489 742 1519 poena
756 1488 843 1512 Persei
857 1487 996 1519 cogitavit,
1006 1487 1143 1520 voluitque
1154 1488 1318 1519 Antigonum
1326 1488 1425 1519 potius,

143 1517 259 1542 amicum
272 1526 360 1549 suum,
374 1526 556 1544 successorem
569 1520 644 1552 regni
655 1520 697 1544 sui
711 1520 868 1552 relinquere.
904 1521 957 1544 Sed
971 1520 998 1544 in
1012 1520 1063 1544 hac
1072 1520 1233 1551 cogitatione
1241 1524 1324 1544 morte
1335 1524 1425 1550 raptus

143 1553 202 1575 est:
221 1557 328 1582 regnum
341 1551 453 1576 Perseus
464 1551 580 1583 excepit.
618 1552 699 1585 [Cae.
715 1560 724 1577 1
734 1566 766 1571 ·—
777 1560 837 1577 ux.
885 1559 913 1577 υ.
928 1560 955 1577 c.
965 1552 1119 1577 570-574.
1155 1560 1183 1577 Δ.
1197 1559 1225 1577 c.
1235 1552 1398 1586 lae—178]

195 1741 243 1777 V.
291 1741 416 1790 Hujus
436 1742 612 1779 atrocitas
633 1742 811 1779 facinoris
844 1755 976 1780 novam
998 1742 1098 1779 velut
1118 1742 1306 1779 flammam
1326 1742 1470 1793 regis?

143 1793 294 1829 invidiae
325 1794 476 1842 adjecit,
507 1801 548 1831 ut
575 1794 686 1843 vulg&
717 1795 836 1844 ipsum
857 1795 1066 1843 liberosque
1086 1795 1167 1843 ejus
1185 1807 1425 1831 exsecraren-
1445 1817 1462 1844 9

142 1851 225 1881 tur:
254 1858 336 1893 quae
365 1846 455 1882 dirae
485 1847 600 1889 brevi,
621 1847 668 1882 ab
687 1847 863 1884 omnibus
882 1847 966 1883 Diis
985 1847 1183 1893 exauditae,
1214 1854 1255 1883 ut
1280 1847 1424 1883 saeviret
1444 1856 1469 1905 «ἒ

142 1895 279 1944 ipsein
301 1910 410 1933 suum
439 1899 676 1946 sanguinem,
706 1899 928 1935 effecerunt.
985 1898 1145 1934 Perseus
1165 1899 1279 1941 enim,
1309 1911 1422 1945 quum
1444 1907 1451 1913 ·

141 1947 180 1984 in
200 1948 281 1984 dies
301 1949 421 1997 magis
441 1957 613 1985 cerneret
633 1950 795 1986 favorem
815 1950 1111 1998 dignitatemque
1141 1949 1323 1986 Demetrii
1353 1949 1417 1986 fra·
1443 1949 1459 1977 ·*

141 2000 207 2036 tris
245 2000 341 2048 apud
372 2000 630 2037 Macedonum
650 2001 930 2037 multitudinem
971 2013 1155 2046 crescere,
1199 2008 1236 2037 et
1263 1991 1468 2050 gratiamff,

141 2052 239 2100 apud
261 2052 470 2096 Romanos,
501 2053 572 2089 sibi
592 2065 696 2101 spem
726 2053 867 2089 nullam
902 2053 1007 2102 regni
1041 2065 1251 2101 superesse,
1279 2053 1351 2089 nisi
1382 2048 1467 2103 inf-7

141 2103 296 2150 scelere,
338 2111 453 2148 ratus,
483 2105 529 2141 ad
566 2105 603 2141 id
632 2117 748 2141 unum
791 2117 922 2141 omnes
960 2105 1208 2153 cogitationes
1246 2105 1418 2141 intendit.

141 2155 349 2202 Caeterum,
368 2169 482 2205 quum
502 2169 541 2193 se
561 2169 609 2194 ne
629 2157 674 2193 ad
696 2157 732 2193 id
745 2157 909 2205 quidem,
923 2157 1020 2205 quod
1041 2157 1213 2193 muliebri
1230 2157 1420 2205 cogitabat

141 2207 279 2250 animo,
312 2209 403 2244 satis
435 2222 501 2257 per
530 2222 569 2245 se
600 2209 762 2245 validum
791 2209 974 2251 crederet,
1015 2208 1183 2257 singulos
1213 2209 1418 2245 amicorum
1436 2229 1466 2254 10

141 2259 256 2308 patris
284 2267 430 2296 tentare
459 2261 694 2298 sermonibus
723 2261 908 2309 perplexis
929 2261 1072 2297 institit.
1130 2260 1179 2297 Et
1198 2260 1320 2309 primo
1341 2261 1421 2308 qui-

143 2311 230 2347 dam
259 2324 305 2348 ex
334 2312 392 2348 his
411 2313 718 2361 adspernantium
740 2312 812 2349 tale
832 2313 1033 2360 quidquam
1063 2313 1229 2361 speciem
1249 2312 1420 2360 praebue-

143 2370 243 2410 runt,
262 2363 349 2411 quia
376 2364 460 2412 plus
488 2365 525 2401 in
553 2365 746 2401 Demetrio
776 2365 854 2412 spei
883 2365 1101 2413 ponebant:
1140 2365 1291 2407 deinde,
1321 2376 1420 2400 cres-

143 2422 255 2452 cente
276 2416 312 2452 in
334 2415 415 2452 dies
436 2416 595 2465 Philippi
616 2417 702 2453 odio
722 2416 760 2452 in
791 2416 1000 2463 Romanos,
1034 2417 1095 2453 cui
1120 2416 1280 2452 Perseus
1301 2415 1421 2452 indul-

143 2475 259 2517 geret,
299 2467 515 2505 Demetrius
550 2469 696 2505 summa
733 2481 803 2518 ope
843 2469 1113 2513 adversaretur,
1151 2468 1420 2517 prospicientes
1436 2488 1464 2513 15
