1617 2765
171 213 224 252 72
700 209 793 242 'rm
816 210 926 242 L1vu

172 319 288 355 quum
325 306 528 350 decresset,
566 306 763 354 quisquam
792 306 1086 354 obtemperabat.
1161 306 1210 343 Vi
1247 306 1458 355 agebatur3

173 366 371 407 metusque
391 358 515 395 omnis
533 365 570 394 et
591 358 798 406 periculum
831 358 1027 401 libertatis,
1057 371 1173 406 quum
1193 358 1231 395 in
1251 367 1457 407 conspectu

174 411 342 448 consulis
362 410 501 458 singuli
522 423 544 446 a
562 410 732 458 pluribus
752 410 992 456 violarentur,
1022 411 1061 446 in
1091 411 1297 447 creditores
1317 424 1338 447 a
1357 412 1462 448 debi-

173 463 317 500 toribus
351 469 552 498 verterant.
610 462 732 510 Super
752 462 834 498 haec
864 462 973 498 timor
1004 462 1159 498 incessit
1189 463 1320 499 Sabini
1342 464 1429 500 belli
1450 477 1483 508 ς.

174 515 398 562 delectuque
431 515 597 557 decreto,
631 526 744 550 nemo
777 527 915 550 nomen
946 514 1062 557 dedit,
1093 514 1240 551 furente
1266 516 1403 564 Appio,
1424 523 1462 552 et
1491 523 1507 548 5

174 567 385 604 insectante
406 566 650 602 ambitionem
671 566 848 615 collegae3
891 566 954 614 qui
986 566 1156 615 populari
1187 567 1336 604 silentio
1366 580 1463 604 rem-

173 619 364 668 publicam
385 619 572 667 proderet,
606 628 644 654 et
676 619 722 654 ad
752 619 803 662 id,
832 617 930 666 quod
961 619 1008 655 de
1037 619 1183 655 credita
1210 619 1376 668 pecunia
1397 620 1463 668 jus

173 684 250 708 non
271 671 438 715 dixisset,
460 671 652 719 adjiceret,
675 677 714 706 ut
746 683 795 707 ne
829 671 1018 707 delectum
1039 671 1192 719 quidem
1221 684 1268 707 ex
1296 674 1464 708 senatus-

173 724 347 760 consulto
368 723 547 759 haberet:
577 727 691 759 “non
711 735 792 758 esse
823 730 948 759 tamen
979 724 1165 760 desertam
1192 724 1348 760 omnino
1366 737 1464 760 rem-

175 776 420 824 “publicam‚
459 787 582 822 neque
625 774 836 823 projectum
879 775 1077 811 consulare
1124 775 1336 823 imperium.
1413 777 1509 812 Sem

175 830 199 851 “
217 840 334 863 unum
355 834 392 862 et
412 839 488 862 sua:
508 834 545 862 et
560 826 714 862 Patrum
735 827 940 875 majestatis
960 827 1150 863 vindicem
1172 828 1286 863 fore.'’
1328 827 1464 867 Quum

174 879 439 916 circumstaret
474 879 693 926 quotidiana
721 879 922 915 multitudo
957 879 1115 915 licentia
1145 892 1320 926 accensa,
1351 880 1464 929 arripi

174 944 293 968 unum
332 931 520 979 insignem
551 931 690 967 ducem
719 931 947 968 seditionum
981 931 1104 980 jussit.
1180 931 1260 975 Ille,
1298 945 1413 981 quum
1443 945 1465 969 a

173 983 370 1020 lictoribus
396 983 472 1032 jam
508 984 730 1026 traheretur,
758 984 993 1031 provocavit:
1033 997 1106 1020 nec
1131 984 1307 1020 cessisset
1334 997 1465 1033 provo-

175 1036 316 1072 cationi
336 1035 482 1078 consul,
502 1036 590 1083 quia
619 1048 694 1071 non
725 1035 883 1071 dubium
902 1043 983 1072 erat
1015 1036 1142 1084 populi
1167 1036 1463 1085 judicium„nisi
1480 1047 1510 1071 15

174 1088 276 1137 aegre
306 1089 406 1124 victa
443 1087 652 1136 pertinacia
672 1088 777 1130 foret,
817 1088 976 1124 consilio
1005 1088 1126 1136 magis
1163 1096 1201 1124 et
1239 1089 1464 1126 auctoritate

175 1140 402 1188 principum,
425 1139 538 1188 quam
559 1139 686 1188 populi
707 1140 870 1176 clamore
889 1153 897 1176 :
928 1139 1022 1176 adeo
1041 1148 1262 1188 supererant
1281 1141 1397 1177 animi
1417 1142 1464 1178 ad

174 1193 436 1228 sustinendam
457 1192 650 1228 invidiam.
708 1192 890 1228 Crescere
919 1192 1007 1228 inde
1037 1192 1176 1228 malum
1206 1193 1244 1228 in
1264 1193 1358 1236 dies,
1388 1206 1465 1230 non

175 1243 405 1281 clamoribus
425 1242 536 1280 modo
556 1243 704 1292 apertis,
735 1244 812 1289 sed,
834 1244 932 1292 quod
963 1243 1080 1280 multo
1101 1244 1352 1292 perniciosius
1371 1253 1464 1289 erat,

175 1297 393 1337 secessione
413 1296 649 1344 occultisque
669 1296 876 1343 colloquiis.
934 1296 1112 1332 Tandem
1133 1296 1242 1333 invisi
1263 1296 1361 1345 plebi
1378 1307 1511 1334 con-20

174 1348 274 1385 sules
294 1349 514 1397 magistratu
535 1348 688 1394 abeunt,
723 1348 904 1385 Servilius
929 1349 1085 1392 neutris,
1117 1349 1266 1398 Appius
1292 1348 1466 1386 Patribus

174 1400 269 1438 mire
289 1409 430 1451 gratus.

227 1506 425 1542 XXVIII.
455 1506 503 1542 A.
520 1505 719 1554 Virginius
735 1505 822 1542 inde
839 1513 876 1543 et
892 1506 941 1542 T.
963 1506 1144 1543 Vetusius
1160 1506 1397 1543 consulatum
1411 1506 1512 1548 in-E'

174 1565 278 1595 eunt.
336 1558 440 1594 Tum
462 1557 548 1594 vero
564 1558 704 1606 plebes,
719 1558 864 1594 incerta
883 1558 1012 1606 quales
1025 1559 1198 1595 habitura
1214 1559 1390 1595 consules
1409 1572 1466 1595 es·
1486 1563 1503 1590 5¹

174 1617 244 1656 set,
265 1617 386 1647 coetus
406 1618 625 1652 nocturnos,
642 1623 727 1657 pars
740 1610 933 1658 Esquiliis,
947 1623 1033 1659 pars
1049 1611 1087 1646 in
1100 1611 1307 1653 Aventino,
1325 1611 1464 1656 sacere3
1486 1602 1511 1650 ἕ

179 1675 228 1699 ne
249 1663 287 1698 in
309 1663 387 1699 foro
407 1662 542 1698 subitis
561 1662 765 1711 trepidaret
780 1663 961 1709 consiliis,
981 1670 1018 1699 et
1029 1663 1158 1699 omnia
1173 1662 1316 1699 temere
1334 1675 1379 1700 ac
1396 1663 1466 1700 sor·
1485 1694 1502 1711 β

174 1713 269 1751 tuito
283 1721 422 1763 ageret.
482 1714 579 1750 Eam
598 1727 677 1750 rem
691 1714 870 1751 consules
881 1715 962 1758 rati,
977 1722 1018 1752 ut
1033 1723 1125 1758 erat,
1137 1715 1404 1764 perniciosam,
1418 1716 1464 1752 ad
1486 1716 1503 1753 ἓ.

175 1766 307 1803 Patres
326 1767 523 1803 deferunt:
554 1766 620 1802 sed
641 1766 802 1802 delatam
836 1767 1034 1804 consulere
1063 1767 1195 1804 ordine
1225 1780 1300 1804 non
1330 1767 1463 1804 licuit:
1485 1778 1511 1810 <⁶3

174 1818 269 1855 adeo
288 1818 516 1855 tumultuose
536 1826 699 1867 excepta
726 1826 783 1855 est
802 1819 1030 1856 clamoribus
1049 1820 1215 1868 undique
1235 1826 1271 1856 et
1293 1819 1510 1868 indigna-Q
1485 1811 1510 1835 ³⁰

173 1871 276 1907 tione
297 1871 464 1917 Patrum,
485 1870 529 1914 si,
550 1871 677 1918 quod'
669 1871 826 1918 1mperio
846 1872 1034 1908 consulari
1055 1871 1338 1919 exsequendum
1353 1881 1462 1918 esset,
1477 1875 1510 1900 30

175 1923 354 1959 invidiam
379 1923 460 1972 ejus
493 1922 670 1958 consules
699 1923 746 1958 ad
775 1930 949 1958 senatum
979 1923 1192 1972 rejicerent.
1250 1923 1464 1961 “Profecto

175 1979 201 1998 ‘⁶
216 1975 246 2011 si
267 1985 396 2011 essent
417 1975 455 2011 in
476 1974 670 2023 republica
700 1974 954 2022 magistratus,
985 1975 1130 2011 nullum
1160 1975 1327 2012 futurum
1348 1976 1464 2013 fuisse

175 2031 200 2051 “
216 2027 365 2070 Romae,
396 2027 469 2063 nisi
502 2026 711 2075 publicum,
745 2027 962 2063 concilium.
1020 2027 1166 2064 Nunc'
1158 2040 1196 2064 111
1217 2028 1318 2064 mille
1337 2029 1463 2065 curias

175 2083 200 2103 “
217 2080 496 2126 concionesque
518 2077 650 2128 (quum
671 2077 772 2114 alia
764 2091 802 2114 in
819 2078 1009 2126 Esquiliis,
1024 2079 1096 2115 alia
1111 2079 1147 2115 in
1164 2080 1357 2117 Aventino
1373 2081 1464 2117 fiant

176 2134 199 2155 “
214 2131 396 2182 concilia)
411 2132 618 2180 dispersam
630 2136 668 2166 et
679 2130 895 2179 dissipatam
908 2144 990 2167 esse
1004 2131 1289 2180 rempublicam.
1319 2132 1461 2176 Unum,
1475 2136 1508 2161 35

176 2186 201 2206 “
219 2183 400 2228 Hercule,
424 2183 542 2219 virum
566 2183 622 2231 (id
642 2182 744 2219 enim
764 2183 847 2231 plus
859 2196 954 2226 esse,
968 2184 1078 2231 quam
1093 2184 1322 2235 consulem),
1343 2185 1483 2233 qualis·

176 2238 200 2258 “
218 2236 292 2284 Ap.
327 2236 513 2272 Claudius
532 2235 656 2278 suerit,
678 2242 868 2271 momento
887 2236 1065 2284 temporis
1093 2236 1354 2274 discussurum
1379 2237 1462 2275 illos

177 2290 201 2310 “
217 2296 338 2324 coetus
359 2288 515 2324 fuisse.''
546 2287 717 2336 Correpti
735 2287 910 2324 consules
925 2301 1054 2336 quum,
1073 2289 1161 2336 quid
1182 2301 1272 2337 ergo
1284 2302 1323 2326 se
1337 2290 1461 2326 facere

176 2340 314 2376 vellent
337 2338 562 2388 (nihilenirn
576 2339 731 2387 segnius
746 2339 953 2383 molliusve,
974 2341 1084 2388 quam
1106 2340 1280 2377 Patribus
1299 2341 1459 2390 placeat,

175 2393 356 2441 acturos),
394 2398 718 2440 percontarentur,
765 2392 991 2433 decernunt,
1029 2402 1069 2430 ut
1114 2393 1304 2430 delectum
1348 2394 1459 2441 quam
1473 2399 1505 2423 40

175 2444 401 2480 acerrimum
422 2444 607 2479 habeant:
647 2444 722 2480 otio
752 2443 922 2480 lascivire
953 2445 1113 2493 plebem.
1171 2445 1335 2482 Dimisso
1354 2458 1461 2482 sena-

174 2503 227 2543 tu,
249 2496 424 2534 consules
445 2496 482 2532 in
504 2496 665 2532 tribunal
683 2496 943 2533 adscendunt:
985 2498 1102 2534 citant
1122 2497 1343 2534 nominatim
1361 2498 1462 2547 juni-
