1617 2765
140 200 211 238 156
657 198 747 229 Tm
771 198 877 228 L1v11

136 296 245 330 “nec
265 306 353 331 cum
374 294 620 338 Samnitibus,
640 307 727 330 cum
748 294 883 342 quibus
900 291 992 329 nihil
1008 292 1148 342 egistis.
1180 293 1413 332 Samnitibus

136 349 371 394 “sponsores
400 360 468 384 nos
497 360 639 393 sumus,
659 346 712 382 rei
741 346 830 382 satis
867 345 1084 393 locupletes.
1160 345 1204 381 In
1235 345 1285 391 id,
1314 347 1413 394 quod

136 401 160 421 ‘⁶
173 406 341 435 nostrum
357 407 413 436 est
430 412 439 443 3
469 399 507 436 in
528 400 576 444 id,
593 399 688 447 quod
704 405 877 446 praestare
890 409 1100 445 possumus,
1114 410 1269 445 corpora
1289 406 1415 434 nostra

137 454 209 487 “et
229 451 375 489 animos
392 465 401 496 ς
423 452 459 488 in
476 452 555 487 haec
572 451 750 494 saeviant;
773 450 809 486 iu
828 450 908 485 haec
922 449 1073 492 ferrum,
1089 450 1126 485 in
1144 450 1224 485 haec
1239 450 1310 486 iras
1326 462 1415 486 acu-

136 507 160 526 “
174 510 248 539 ant.
287 503 405 542 Quod
419 504 465 539 ad
483 503 651 539 tribunos
664 502 807 546 attinet,
824 501 1023 547 consulite,
1037 500 1158 536 utrum
1171 514 1335 549 praesens
1351 502 1415 537 de·
1444 512 1460 536 5

135 558 160 578 “
173 555 265 592 ditio
284 568 413 592 eorum
435 555 514 591 fieri
534 555 662 604 possit,
683 567 730 590 an
748 554 784 590 in
804 554 904 590 diem
921 553 1124 589 differatur.
1155 553 1235 588 Nos
1251 553 1414 600 interim,

136 610 159 631 “
173 607 221 644 Τ.
243 608 388 653 Veturi,
410 620 547 656 vosque
568 607 706 651 meteri,
729 606 814 642 vilia
834 606 915 642 haec
939 605 1062 654 capita
1081 605 1229 641 luendae
1249 605 1415 653 sponsio-

135 663 158 683 “
171 659 229 696 nis
250 660 425 704 feramus,
446 667 483 696 et
502 667 628 696 nostro
647 658 830 707 supplicio
854 657 1056 694 liberemus
1076 657 1253 694 Romana
1273 657 1414 694 arma.'’

187 764 237 801 X.
269 764 388 801 Movit
407 764 536 801 Patres
556 762 789 811 conscriptos
808 768 888 798 tum
914 774 1042 808 causa,
1060 768 1139 798 tum
1160 770 1288 799 auctor
1305 776 1313 807 ;
1343 775 1415 799 nec

134 824 292 853 caeteros
314 815 447 860 solum,
469 817 536 852 sed
556 816 726 852 tribunos
757 815 869 851 etiam
903 814 1038 862 plebei,
1069 821 1109 850 ut
1139 826 1178 850 se
1207 814 1245 850 in
1266 816 1415 851 senatus
1432 826 1460 850 10

134 868 307 905 dicerent
328 868 403 904 fore
423 875 616 916 potestate.
676 867 899 916 Magistratu
921 866 1008 902 inde
1041 878 1081 902 se
1107 866 1293 914 externplo
1313 867 1417 902 abdi-

134 928 327 966 caverunt,
347 920 546 968 traditique
567 920 763 957 fecialibus
784 931 870 955 cum
901 918 1047 955 caeteris
1066 918 1254 954 Caudium
1275 919 1417 954 ducen-

134 973 183 1009 di.
241 973 327 1010 Hoc
341 973 440 1009 facto
455 972 808 1018 senatus-consulto,
824 971 887 1007 lux
904 971 1074 1018 quaedam
1092 970 1274 1006 affulsisse
1291 971 1417 1006 civita-

134 1026 161 1062 ti
183 1025 260 1062 visa
279 1033 346 1062 est.
404 1025 617 1062 Postumius
638 1025 674 1061 in
694 1037 757 1061 ore
776 1030 879 1067 erat;
913 1035 1000 1059 eum
1020 1022 1195 1058 laudibus
1215 1023 1261 1058 ad
1278 1022 1415 1058 coelum

137 1078 330 1114 ferebant:
361 1077 548 1114 devotioni
570 1076 610 1113 P.
631 1076 742 1113 Decii
763 1075 941 1117 consulis,
959 1075 1040 1111 aliis
1057 1075 1166 1110 claris
1187 1075 1415 1111 facinoribus
1432 1085 1461 1109 15

135 1131 344 1178 aequabant.
403 1134 426 1152 “
440 1130 649 1166 Emersisse
669 1129 859 1165 civitatem
879 1140 925 1164 ex
937 1127 1099 1164 obnoxia
1112 1139 1204 1174 pace
1217 1127 1315 1163 illius
1328 1140 1416 1163 con-

135 1187 159 1205 ‘'·
172 1183 255 1218 silio
275 1190 312 1218 et
330 1183 443 1231 opera
461 1195 469 1218 :
499 1182 620 1230 ipsum
641 1194 680 1217 se
700 1180 931 1217 cruciatibus
954 1187 992 1215 et
1008 1179 1170 1215 hostium
1192 1179 1254 1214 irae
1267 1179 1414 1221 offerre,

135 1239 159 1258 ‘⁶
172 1234 394 1283 piaculaque
414 1247 480 1282 pro
498 1233 634 1282 populo
654 1233 830 1270 Romano
850 1232 978 1267 dare.’'
1025 1232 1143 1267 Arma
1163 1230 1291 1267 cuncti
1313 1243 1417 1278 spec-

136 1294 218 1323 tant
236 1294 274 1323 et
294 1287 445 1323 bellum.
503 1290 526 1309 “
543 1286 602 1322 En
625 1298 788 1333 unquam
820 1284 997 1328 futurum,
1027 1290 1068 1319 ut
1087 1283 1267 1331 congredi
1301 1295 1418 1318 arma·

136 1339 221 1376 “tis
241 1352 329 1375 cum
350 1338 521 1376 Samnite
540 1338 679 1374 liceat?
694 1339 714 1354 ''
773 1337 818 1373 In
839 1336 989 1372 civitate
1009 1336 1062 1372 ira
1094 1335 1254 1383 odioque
1287 1335 1462 1371 arden-20

135 1399 184 1438 te,
201 1392 371 1428 delectus
390 1392 502 1440 prope
522 1390 690 1427 omnium
712 1388 1003 1426 voluntariorum
1024 1388 1117 1424 suit:
1163 1387 1353 1436 rescriptae
1372 1399 1419 1424 ex

135 1445 269 1481 eodem
292 1444 408 1480 milite
429 1456 534 1480 novae
567 1443 749 1492 legioneS‚
783 1442 994 1489 ductusque
1024 1441 1071 1476 ad
1105 1440 1294 1476 Caudium
1314 1452 1418 1475 exer-

136 1497 244 1533 citus.
303 1496 505 1545 Praegressi
526 1495 691 1538 feciales,
713 1494 776 1531 ubi
795 1495 841 1530 ad
861 1501 1003 1542 portam
1026 1495 1176 1534 venere,
1199 1500 1338 1528 vestem
1356 1491 1418 1527 de-

137 1549 231 1585 trahi
252 1549 356 1597 pacis
375 1548 617 1597 sponsoribus
642 1547 788 1596 jubent,
823 1558 958 1582 manus
986 1551 1069 1593 post
1096 1552 1242 1592 tergum
1273 1543 1416 1580 vinciri.

135 1600 268 1640 Quum
290 1600 474 1649 apparitor
495 1599 724 1636 verecundia
744 1598 948 1647 majestatis
978 1597 1213 1633 Postumium
1232 1595 1316 1632 laxe
1340 1595 1418 1631 vin·
1431 1604 1464 1629 23

139 1654 247 1695 ciret,
280 1659 301 1675 ‘⁴
318 1653 428 1692 Quin
448 1653 529 1698 tu,'’
547 1652 675 1700 inquit,
707 1656 730 1674 “
744 1650 901 1687 adducis
920 1650 1051 1693 lorum,
1083 1656 1123 1685 ut
1148 1649 1248 1697 justa
1268 1647 1330 1683 fiat
1359 1648 1420 1683 de-

138 1717 162 1728 *
179 1706 335 1742 ditio?”
394 1705 510 1751 Tum,
545 1705 608 1740 ubi
638 1704 676 1740 in
711 1711 850 1740 coetum
886 1701 1114 1738 Samnitium
1134 1709 1171 1737 et
1191 1700 1236 1736 ad
1258 1699 1420 1736 tribunal

139 1766 293 1794 ventum
325 1758 449 1794 Pontii
487 1764 556 1804 est,
578 1757 624 1792 A.
656 1755 858 1792 Cornelius
891 1754 1036 1790 Arvina
1066 1752 1210 1790 fecialis
1230 1752 1280 1788 ita
1308 1751 1420 1788 verba
1461 1790 1469 1798 ‚

139 1810 254 1847 fecit:
297 1809 575 1858 “Quandoque
609 1808 695 1845 hice
725 1808 897 1845 homines
931 1806 1074 1855 injussu
1104 1805 1231 1854 populi
1254 1803 1419 1840 Romani

139 1862 386 1902 “Quiritium
421 1862 541 1898 foedus
575 1861 690 1897 ictum
724 1860 768 1896 iri
798 1859 1091 1908 spoponderunt,
1123 1864 1232 1904 atque
1260 1856 1308 1892 ob
1336 1867 1418 1891 eam
1434 1863 1465 1888 :30

140 1917 164 1937 “
178 1927 257 1950 rem
278 1927 414 1950 noxam
434 1920 646 1949 nocuerunt
663 1925 672 1955 3
718 1912 765 1948 ob
785 1924 868 1947 eam
898 1923 990 1952 rem,
1010 1908 1083 1957 qu&
1103 1909 1260 1957 populus
1280 1908 1422 1944 Roma-

141 1970 164 1989 “
178 1979 250 2003 nus
279 1966 421 2003 scelere
441 1965 555 2013 impio
588 1964 634 2000 sit
654 1963 809 2006 solutus,
830 1963 943 1998 hosce
971 1961 1140 1998 homines
1161 1960 1264 1996 vobis
1283 1960 1420 1996 dedo.”

141 2019 238 2055 Haec
257 2018 398 2055 dicenti
421 2017 543 2054 feciali
564 2016 776 2052 Postumius
809 2027 908 2063 genu
944 2013 1076 2058 femur,
1096 2013 1236 2060 quanta
1257 2010 1419 2048 maxime

140 2078 286 2121 poterat
306 2071 352 2114 vi,
374 2069 546 2119 perculit,
577 2075 614 2104 et
633 2068 732 2104 clara
757 2080 846 2103 voce
867 2066 928 2110 ait,
959 2069 1036 2101 “se
1069 2065 1277 2101 Samnitem
1299 2064 1419 2100 civem

141 2127 164 2146 “
178 2137 274 2166 esse,
297 2124 401 2159 illum
422 2122 584 2171 legatum
601 2133 610 2164 3
642 2119 812 2156 fecialem
834 2131 854 2154 a
874 2130 914 2154 se
934 2117 1138 2167 contrajus
1157 2117 1327 2166 gentium
1348 2117 1421 2153 vio·
1435 2124 1466 2149 35

141 2176 280 2221 latum3
311 2174 355 2212 eo
371 2175 508 2224 justius
529 2173 666 2210 bellum
687 2171 894 2221 gesturos.’'

195 2280 268 2317 XI.
299 2280 401 2316 Tum
434 2279 603 2325 Pontius,
633 2279 655 2299 ‘⁵
674 2277 760 2314 Nec
779 2289 850 2326 ego
883 2276 990 2312 istam
1021 2274 1250 2312 deditionem
1285 2274 1423 2323 accipi·

142 2333 281 2380 “am,”
302 2332 435 2381 inquit,
465 2334 574 2368 “nec
596 2330 785 2367 Samnites
814 2336 932 2365 ratam
965 2328 1170 2364 habebunt.
1226 2326 1335 2366 Quin
1369 2335 1420 2371 tu,

142 2388 167 2410 ‘⁶
184 2386 248 2435 Sp.
266 2384 445 2427 Postumi,
466 2384 496 2420 si
536 2384 637 2420 Deos
665 2395 747 2419 esse
780 2394 927 2426 cenSQS,
949 2387 1012 2416 aut
1030 2380 1157 2416 omnia
1187 2379 1290 2416 irrita
1317 2378 1421 2424 facis,

142 2441 166 2462 “
181 2443 244 2475 aut
262 2445 372 2487 pacto
391 2437 493 2473 stas?
552 2435 711 2472 Samniti
733 2434 867 2482 populo
887 2446 1030 2474 omnes,
1061 2445 1154 2480 quos
1183 2432 1219 2468 in
1241 2437 1420 2480 potestate
1435 2440 1466 2464 40

143 2495 166 2514 “
180 2490 323 2533 habuit,
344 2496 408 2525 aut
428 2502 492 2540 pro
512 2489 566 2525 eis
586 2501 657 2537 pax
678 2487 846 2524 debetur.
904 2485 979 2522 Sed
1000 2485 1088 2533 quid
1108 2497 1178 2533 ego
1198 2492 1233 2520 te
1263 2482 1421 2532 appello,
