1617 2765
564 177 699 208 LIBER
721 174 829 205 XXX.
876 184 955 205 can.
973 183 1079 203 xxxii.
1371 172 1448 209 237

179 279 204 299 “
218 273 396 320 conditio,
431 278 471 309 ut
502 270 613 307 etiarn
643 270 757 319 prosit
777 268 879 305 vobis
899 267 1012 309 fraus,
1033 265 1168 314 petitis.
1225 265 1359 313 Neque
1386 278 1449 314 pa-

180 331 292 363 “tres
320 324 434 361 nostri
453 323 593 371 priores
613 323 659 358 de
679 321 823 363 Sicilia,
844 331 965 366 neque
997 331 1064 354 nos
1089 318 1136 352 de
1158 316 1338 364 Hispania
1359 318 1449 354 feci-

180 383 204 401 “
217 390 300 414 mus
320 376 479 412 bellum:
519 382 556 410 et
574 381 665 410 tunc
691 372 999 409 Mamertinorum
1021 369 1205 405 sociorum
1225 368 1447 416 periculum,

180 433 204 452 “
217 436 254 465 et
271 440 374 464 nunc
395 426 552 475 Sagunti
586 426 795 462 exscidium
825 423 933 459 nobis
960 422 1021 469 pia
1050 433 1094 457 ac
1118 420 1218 469 justa
1247 419 1450 457 induerunt

150 485 330 517 ⁵⁸‘arma.
402 478 480 514 Vos
513 478 720 520 lacessisse,
750 483 787 512 et
822 482 862 511 tu
895 475 972 522 ipse
1002 473 1138 518 fateris,
1168 479 1203 508 et
1236 471 1309 507 Dei
1338 478 1451 508 testes

180 537 324 575 “sunt3
369 530 431 579 qui
451 537 489 566 et
506 529 604 565 illius
633 529 719 564 belli
749 527 890 564 exitum
918 525 1127 562 secundum
1150 525 1210 574 jus
1231 525 1357 571 fasque
1388 524 1451 559 de-

179 588 203 608 ‘⁸
216 584 364 629 derunt,
401 589 438 619 et
474 581 584 629 hujus
616 581 708 616 dant
739 587 777 616 et
804 579 958 614 dabunt.
1013 576 1130 616 Quod
1150 577 1196 612 ad
1217 589 1276 612 me
1306 575 1450 618 attinet,

179 639 203 660 ‘⁶
216 642 253 671 et
272 635 444 670 humanae
464 632 688 669 infirmitatis
708 631 875 677 memini,
908 637 946 666 et
974 630 1048 665 vim
1069 629 1225 665 fortunae
1244 636 1385 676 reputo,
1416 636 1453 664 et

179 686 355 729 “omnia,
385 697 631 733 quaecumque
667 684 827 732 agimUS,
864 682 1034 730 subjecta
1061 693 1143 717 esse
1172 680 1272 716 mille
1302 679 1452 716 casibus

137 738 307 774 10“seio.
363 736 564 779 Caeterum,
584 736 899 784 quemadmodum
933 733 1091 782 superbe
1120 740 1157 769 et
1184 732 1364 768 violenter
1393 744 1453 768 me

180 790 352 826 “faterer
373 789 509 831 facere,
539 788 569 824 si
599 788 717 836 prius,
738 787 847 835 qus-im
878 786 915 822 in
943 785 1113 821 Africam
1142 785 1386 833 trajecissem,
1416 792 1453 820 te

180 845 203 866 ‘⁶
218 842 281 878 tua
311 841 497 877 voluntate
516 840 714 876 cedentem
747 839 863 883 Italm,
885 845 936 886 et,
956 837 1127 885 imposito
1161 837 1197 872 in
1218 849 1332 872 naves
1350 849 1454 872 exer-

180 897 203 917 ‘4
218 894 308 939 citu,
330 893 450 941 ipsum
471 892 686 928 venientem
707 891 753 927 ad
783 903 913 939 pacem
944 889 1144 937 petendam
1177 889 1422 936 adspernarer
1443 901 1453 931 ;

180 945 271 981 “sic
291 957 406 987 nunc,
426 956 540 991 quum
560 945 673 991 prope
696 955 810 979 manu
829 941 1003 978 conserta
1029 941 1259 976 restitantem
1279 952 1323 976 ac
1344 940 1454 988 tergi-

137 1004 167 1028 15
181 1000 426 1032 “versantem
447 995 485 1031 in
506 995 676 1030 Africam
707 993 934 1038 attraxerim,
955 992 1055 1028 nulla
1076 1004 1158 1027 sum
1178 992 1245 1027 tibi
1276 1003 1454 1027 verecun-

181 1048 277 1084 “dia
305 1047 517 1084 obstrictus.
574 1045 735 1082 Proinde
765 1045 795 1080 si
824 1044 911 1092 quid
933 1044 977 1080 ad
1008 1055 1067 1089 ea,
1097 1043 1135 1079 in
1164 1055 1246 1091 quae
1275 1050 1353 1078 tum
1383 1055 1455 1091 pax

181 1104 451 1136 “conventura
486 1098 680 1134 videbatur
724 1096 823 1145 (quae
862 1096 948 1141 sint,
978 1095 1108 1145 nosti),
1148 1095 1274 1131 multae
1303 1095 1453 1131 navium

182 1156 304 1187 “cum
325 1157 536 1188 commeatu
555 1162 619 1197 per
649 1149 821 1185 inducias
854 1154 1151 1195 expugnatarum
1174 1146 1454 1194 legatorumque

182 1203 437 1239 “violatorum
457 1201 644 1249 adjicitur,
664 1207 731 1245 est,
751 1199 848 1248 quod
875 1199 1033 1235 referam
1053 1199 1097 1234 ad
1118 1198 1329 1234 consilium.
1387 1199 1454 1234 Sin

137 1263 169 1287 20
183 1257 207 1277 ‘⁶
221 1255 282 1290 illa
301 1266 444 1302 quoque
472 1252 600 1301 gravia
632 1252 816 1295 videntur,
847 1251 985 1286 bellum
1018 1257 1159 1298 parate,
1191 1250 1366 1297 quoniam
1392 1262 1455 1298 pa-

182 1307 207 1330 ‘⁴
220 1319 303 1342 cem
323 1306 399 1354 pati
431 1317 505 1341 non
535 1304 743 1353 potuistis.”
800 1303 858 1338 Ita
890 1303 1032 1338 infecta
1061 1314 1166 1350 pace,
1195 1314 1243 1338 ex
1272 1301 1456 1350 colloquio

183 1359 229 1394 ad
250 1370 335 1395 suos
353 1369 466 1406 quum
487 1368 526 1392 se
555 1355 788 1404 recipissent,
820 1354 954 1390 frustra
987 1354 1099 1390 verba
1123 1353 1262 1402 jactata
1290 1354 1457 1390 renunti-

183 1417 270 1446 ant:
299 1409 412 1445 armis
431 1408 711 1444 decernendum
732 1419 827 1450 esse,
849 1406 1134 1454 habendamque
1154 1417 1237 1441 eam
1258 1405 1455 1450 fortunam,

182 1473 293 1509 quam
314 1460 377 1496 Dii
397 1459 600 1496 dedissent.

138 1574 171 1599 25
209 1564 384 1601 XXXII.
415 1564 461 1601 In
473 1570 595 1600 castra
607 1570 648 1600 ut
659 1570 716 1600 est
729 1570 893 1609 ventum,
905 1562 1148 1611 pronuntiant
1161 1562 1284 1604 ambo,
1301 1564 1326 1584 “
1341 1561 1456 1597 Arma

185 1617 441 1665 “expedirent
458 1616 594 1652 milites
614 1616 830 1664 animosque
852 1615 897 1650 ad
918 1627 1133 1663 supremum
1155 1620 1360 1656 certamen,
1382 1626 1457 1649 non

185 1668 261 1704 “in
282 1680 398 1704 unum
418 1667 530 1712 diem,
551 1667 615 1703 sed
636 1667 673 1703 in
692 1674 925 1715 perpetuum,
959 1667 988 1702 si
1016 1665 1175 1702 felicitas
1194 1665 1353 1709 adesset,
1386 1664 1458 1700 vic-

186 1723 210 1742 “
223 1727 331 1756 tores.
388 1718 513 1755 Roma
533 1731 579 1754 an
600 1719 790 1767 Carthago
805 1718 888 1766 jura
906 1718 1082 1766 gentibus
1103 1717 1220 1762 daret,
1255 1723 1341 1752 ante
1361 1728 1459 1752 cras-

186 1771 339 1807 “tinam
359 1778 508 1807 noctem
529 1771 687 1806 scituros
705 1783 711 1806 :
751 1782 872 1817 neque
892 1769 992 1805 enim
1013 1769 1195 1812 Africam,
1217 1775 1280 1804 aut
1299 1767 1457 1812 Italiam,

141 1831 173 1856 ³0
187 1827 210 1846 “
225 1823 289 1859 sed
309 1823 437 1860 orbem
456 1829 650 1864 terrarum,
672 1822 836 1858 victoria>
868 1821 1062 1869 praemium
1085 1820 1160 1856 fore
1178 1833 1187 1863 3
1230 1832 1294 1868 par
1313 1820 1459 1868 pericu-

186 1875 300 1911 “lum
336 1874 502 1923 praemio,
540 1874 676 1921 quibus
712 1874 875 1909 adversae
911 1885 1046 1920 pugnae
1090 1872 1237 1908 fortuna
1265 1871 1395 1907 fuisset
1417 1872 1458 1906 :''

186 1939 272 1963 nam
308 1938 430 1974 neque
468 1925 654 1962 Romanis
692 1925 872 1973 effugium
913 1924 1029 1960 ullum
1070 1923 1220 1972 patebat
1259 1923 1296 1959 in
1337 1923 1458 1958 aliena

186 1979 385 2028 ignotaque
427 1977 552 2021 terra;
607 1983 644 2013 et
686 1976 920 2024 Carthagini,
963 1988 1136 2024 supremo
1164 1975 1302 2011 auxilio
1330 1975 1460 2016 effuso,

187 2031 318 2066 adesse
346 2029 539 2065 videbatur
574 2041 740 2077 praesens
776 2028 998 2064 exscidium.
1066 2027 1128 2063 Ad
1156 2027 1228 2062 hoc
1257 2026 1458 2062 discrimen

142 2090 175 2115 85
187 2081 394 2130 procedunt
412 2087 558 2129 postero
578 2081 638 2116 die
658 2080 814 2116 duorum
847 2079 1215 2127 opulentissimorum
1241 2078 1459 2126 populorum

188 2134 262 2170 duo
281 2131 391 2180 longe
420 2132 616 2168 clarissimi
636 2132 766 2174 duces,
800 2132 875 2167 duo
908 2130 1096 2167 fortissimi
1116 2130 1317 2175 exercitus,
1346 2129 1460 2166 multa

189 2186 277 2222 ante
298 2191 403 2232 parta
422 2184 558 2220 decora
578 2190 640 2219 aut
659 2183 885 2219 cumulaturi
904 2195 949 2218 eo
968 2183 1042 2226 die,
1064 2188 1128 2218 aut
1146 2182 1322 2218 eversuri.
1382 2182 1459 2217 An-

188 2249 277 2285 ceps
297 2236 408 2284 igitur
428 2247 512 2283 spes
531 2242 568 2271 et
587 2242 708 2271 metus
734 2235 945 2271 miscebant
963 2234 1108 2270 animos
1125 2247 1134 2278 3
1174 2234 1460 2282 contemplanti-

189 2289 331 2336 busque
352 2286 461 2323 mode>
480 2286 714 2328 suam‚mod6
735 2287 896 2323 hostium
916 2286 1050 2329 aciem,
1063 2298 1176 2334 quum
1192 2286 1313 2322 oculis
1328 2285 1458 2333 magis,

146 2348 178 2372 40
190 2339 301 2388 quam
321 2339 476 2384 ratione,
496 2345 696 2386 pensarent
715 2338 826 2382 vires,
861 2338 969 2374 simul
1003 2338 1099 2384 laeta,
1132 2337 1241 2374 simul
1261 2337 1378 2374 tristia
1396 2337 1459 2371 ob-

193 2391 444 2428 versabantur.
499 2390 599 2429 Quae
629 2390 717 2438 ipsis
737 2393 801 2426 suzi
835 2397 965 2438 sponte
998 2402 1071 2426 non
1102 2390 1384 2429 succurrebant,
1415 2400 1460 2423 ea

191 2445 307 2481 duces
327 2442 564 2479 admonendo
584 2449 691 2490 atque
721 2442 904 2479 hortando
925 2442 1141 2491 subjiciunt.
1198 2441 1336 2476 Poenus
1355 2440 1460 2475 sede-
