1617 2765
606 159 747 190 LIBER
769 158 825 188 VI.
850 166 931 188 cAP.
948 166 1020 188 xxv.
1371 154 1445 193 137

167 254 336 292 omniurn
355 266 401 290 ex
422 253 595 290 Patribus
627 252 816 301 popularis
850 251 983 294 factus,
1017 262 1105 286 cum
1135 249 1290 298 plebeJ'is
1310 249 1445 298 magis-

168 307 324 342 tratibus
344 305 502 342 consilia
521 305 827 344 communicare:
857 303 1095 340 criminando
1114 302 1258 348 Patres,
1279 280 1447 339 111Ιί613611-

167 358 216 395 do
235 359 280 394 ad
315 371 354 394 se
383 357 542 405 plebem,
568 357 645 406 jam
676 369 780 399 aura⁷
814 369 890 392 non
924 355 1094 399 consilio,
1130 354 1230 396 ferri,
1265 354 1447 402 famaeque

167 422 314 459 magnae
347 409 457 445 malle
485 422 596 457 quam
628 409 734 446 bonae
764 421 872 445 esse.
919 415 969 451 et,
1008 420 1083 443 non
1113 413 1314 443 contentus
1343 419 1443 455 agra-

138 462 231 498 5riis
259 461 420 510 legibus,
456 474 539 510 quae
576 462 734 498 materia
771 473 918 519 semper
957 460 1117 496 tribunis
1149 458 1270 508 plebis
1298 459 1448 496 seditio-

166 526 257 550 num
279 513 422 556 fuisset,
438 514 552 550 fidem
570 514 690 550 moliri
706 513 842 561 coepit:
873 520 897 535 “
911 512 1074 549 acriores
1086 511 1222 569 quippe
1240 512 1323 547 aeiis
1336 511 1446 548 alieni

168 566 375 603 “stimulos
395 578 490 609 esse,
512 566 576 614 qui
596 579 671 602 non
701 572 907 614 egestatem
930 563 1039 600 mod&
1066 571 1176 612 atque
1200 563 1327 621 ignon
1319 564 1449 600 iniam

168 623 191 640 “
205 618 407 663 minentur,
428 619 492 654 sed
514 631 628 655 nervo
648 631 693 654 ac
712 618 873 654 vinculis
892 630 1029 665 corpus
1043 617 1200 652 liberum
1219 616 1391 652 territent
1407 616 1449 652 :”

165 676 203 706 et
221 677 300 706 erat
321 670 404 707 aeris
424 671 537 707 alieni
558 683 696 719 magna
728 670 794 712 vis,
826 683 866 706 re
887 669 1176 705 damnosissima
1195 668 1309 704 etiam
1329 668 1452 705 diviti-

121 731 152 757 10
165 721 247 765 bus,
269 722 492 759 aedificando
520 730 724 759 contracta.
782 722 929 758 Bellum
965 722 1087 769 itaque
1123 721 1318 768 Volscum,
1338 733 1451 770 grave

163 785 229 822 per
249 787 301 820 se,
322 782 518 811 oneratum
548 775 770 811 Latinorum
801 781 911 822 atque
946 774 1201 810 Hernicorum
1222 773 1449 817 defectione,

164 826 202 862 in
223 827 388 874 speciem
423 840 546 863 causae
574 827 768 876 jactatum,
802 834 843 863 ut
872 827 988 875 major
1016 833 1180 874 potestas
1208 834 1450 874 quaereretur.

165 877 241 914 Sed
271 891 367 915 nova
394 880 553 916 consilia
573 879 707 915 Manlii
729 880 849 927 magis
877 879 1092 927 compulere
1113 886 1284 914 senatum
1306 879 1352 914 ad
1373 879 1452 915 dic-

164 935 322 966 tatorem
359 933 577 967 creandum.
634 932 795 967 Creatus
833 931 881 967 A.
913 931 1114 967 Cornelius
1143 931 1284 967 Cossus
1313 931 1451 980 magis-

120 992 150 1018 15
162 987 260 1018 trum
279 982 448 1030 equitum
468 983 562 1019 dixit
582 982 630 1019 T.
651 982 857 1022 Quintium
878 983 1145 1031 Capitolinum.

215 1085 325 1123 XIV.
355 1085 527 1124 Dictator
545 1087 754 1124 exercitum
776 1088 814 1124 in
836 1087 979 1124 stativis
996 1087 1163 1130 tenebat,
1198 1087 1354 1124 minime
1383 1087 1451 1124 du-

161 1137 259 1181 biUS,
282 1139 419 1176 bellum
440 1153 527 1176 cum
549 1141 607 1176 his
640 1140 786 1189 populis
806 1140 968 1176 Patres
955 1152 1148 1189 Jussuros·
1140 1169 1148 1184 ‚
1196 1153 1310 1188 quum
1332 1140 1449 1198 major

162 1189 264 1227 domi
283 1200 411 1228 exorta
439 1192 555 1229 moles
585 1193 710 1241 coegit
729 1193 843 1229 acciri
874 1194 1034 1229 Romam
1064 1205 1165 1239 eum,
1194 1193 1379 1241 gliscente
1410 1193 1448 1229 in

162 1242 245 1278 dies
257 1244 455 1291 seditione,
472 1257 582 1292 quam
600 1245 707 1281 solito
720 1246 841 1294 magis
856 1245 1099 1281 metuendam
1116 1253 1245 1281 auctor
1260 1245 1447 1281 faciebat:

116 1307 148 1332 20
162 1306 236 1330 non
257 1296 359 1332 enim
375 1296 453 1345 jam
472 1297 659 1334 orationes
679 1296 790 1333 modo
810 1297 864 1334 M.
880 1297 1026 1342 Manlii,
1040 1297 1105 1332 sed
1128 1297 1237 1342 facta,
1254 1297 1449 1345 popularia

161 1345 200 1382 in
221 1348 400 1395 speciem,
422 1349 651 1386 tumultuosa
679 1350 824 1394 eadem,
855 1351 929 1397 qua
950 1356 1076 1385 mente
1097 1349 1242 1396 fierent,
1265 1350 1449 1386 intuenda

161 1407 278 1436 erant.
309 1400 595 1447 Centurionem,
609 1402 774 1438 nobilem
793 1402 1016 1438 militaribus
1029 1401 1373 1450 factiS,judicatum
1387 1415 1449 1450 pe-

160 1451 283 1487 cuniae
296 1465 410 1511 quum
427 1454 515 1490 duci
530 1454 693 1499 vidisset
710 1454 833 1491 medio
847 1454 923 1491 foro
936 1467 1022 1490 cum
1040 1454 1191 1490 caterva
1204 1456 1268 1490 sua
1283 1455 1449 1492 accurrit

159 1508 197 1538 et
209 1515 362 1540 manum
377 1505 528 1554 injecit:
551 1506 848 1564 vociferatusque
865 1507 911 1542 de
928 1506 1101 1554 superbia
1120 1506 1286 1542 Patrum.
1302 1519 1346 1542 ac
1363 1519 1447 1543 cru-

115 1554 312 1593 25delitate
333 1557 612 1603 foeneratorum,
633 1565 670 1594 et
699 1558 860 1594 miseriis
888 1559 1021 1607 plebis,
1045 1558 1243 1594 virtutibus
1276 1559 1358 1607 ejus
1379 1558 1448 1596 viri

160 1606 398 1656 fortunaque,
429 1610 573 1646 “Tum
613 1609 699 1646 vero
734 1612 841 1659 ego‚’'
876 1611 1009 1658 inquit,
1040 1611 1335 1659 “nequidquam
1374 1611 1447 1649 hac

159 1659 183 1679 “
201 1659 332 1696 dextra
370 1661 599 1710 Capitolium
633 1675 833 1710 arcemque
867 1662 1102 1706 servaverim,
1132 1664 1163 1699 si
1192 1663 1314 1700 civem
1344 1676 1448 1701 com·-

159 1711 482 1761 “militonemque
516 1727 656 1757 meum,
688 1721 877 1762 tamquam
898 1715 1017 1751 Gallis
1046 1715 1250 1751 victoribus
1278 1722 1445 1763 captum,

160 1762 238 1799 “in
260 1765 476 1802 servitutem
507 1778 551 1802 ac
571 1766 721 1802 vincula
750 1767 839 1802 duci
869 1767 1054 1803 videamf'
1129 1767 1225 1803 Inde
1255 1780 1333 1803 rem
1365 1780 1447 1804 cre-

113 1827 145 1853 so
158 1814 268 1851 ditori
289 1817 411 1864 palam
434 1818 569 1866 populo
589 1818 708 1863 solvit
729 1818 899 1866 libraque
919 1826 956 1855 et
975 1832 1047 1855 aere
1076 1819 1274 1856 liberatum
1295 1820 1445 1867 emittit,

158 1867 261 1904 Deos
282 1876 390 1916 atque
412 1871 583 1906 homines
616 1870 881 1917 obtestantem,
916 1879 956 1908 ut
987 1872 1037 1906 Μ.
1059 1870 1219 1918 Manlio,
1253 1872 1444 1909 liberatori

157 1931 237 1967 suo,
267 1922 412 1969 parenti
441 1922 560 1970 plebis
589 1922 788 1965 Romanae,
810 1923 967 1971 gratiam
998 1924 1172 1960 referant.
1247 1925 1445 1973 Acceptus

156 1973 344 2032 extemplo
377 1973 415 2010 in
449 1974 716 2010 tumultuosam
746 1976 905 2020 turbam,
934 1983 972 2012 et
992 1976 1070 2024 ipse
1099 1977 1301 2013 tumultum
1332 1989 1446 2026 auge-

159 2032 232 2068 bat,
262 2026 462 2063 cicatrices
495 2034 671 2075 acceptas
690 2027 856 2076 Vejenti‚
888 2028 1045 2074 Gallico,
1078 2029 1233 2087 aliisque
1263 2030 1445 2078 deinceps

111 2075 275 2123 35bellis‚
295 2086 500 2115 ostentans.
558 2081 580 2100 ‘⁴
600 2080 649 2115 Se
670 2079 907 2123 militantem,
943 2093 982 2117 se
1003 2082 1264 2118 restituentem
1295 2094 1444 2118 eversos

155 2129 364 2177 “,penates
384 2131 612 2180 multiplici'
599 2144 676 2180 Jam
697 2140 794 2168 sorte
814 2133 997 2179 exsoluta,
1018 2134 1277 2182 mergentibus
1296 2147 1443 2183 semper

155 2181 180 2202 “
196 2189 331 2219 sortem
353 2184 487 2229 usuris,
508 2184 682 2220 obrutum
703 2184 844 2221 soenore
864 2198 970 2222 esse:
1000 2186 1125 2222 videre
1146 2187 1284 2232 lucem,
1306 2187 1441 2230 forum,

155 2234 180 2255 “
196 2234 335 2270 civium
355 2248 432 2279 ora,
450 2215 503 2272 Nl.
523 2235 656 2272 Manlii
669 2249 805 2285 opera:
840 2238 967 2274 omnia
979 2240 1175 2286 parentum
1192 2239 1380 2276 beneficia
1395 2239 1443 2275 ab

154 2286 258 2322 “illo
278 2299 317 2323 se
339 2287 498 2324 habere.
528 2288 580 2324 illi
601 2289 783 2326 devovere
803 2291 969 2338 corporis
999 2291 1157 2339 vitaeque
1178 2305 1222 2328 ac
1242 2291 1441 2340 sanguinis

110 2340 177 2374 40“
194 2339 293 2386 quod
315 2340 486 2388 supersit.
542 2340 824 2400 Quodcumque
861 2343 931 2379 sibi
966 2356 1053 2379 cum
1087 2344 1219 2392 patria,
1239 2344 1441 2393 penatibus

153 2391 356 2439 “publicis
377 2405 421 2428 ac
442 2392 605 2440 privatiS‚
622 2394 716 2442 juris
737 2394 860 2438 fuerit,
883 2395 918 2431 id
940 2408 1027 2432 cum
1050 2409 1124 2432 uno
1144 2397 1295 2433 homine
1316 2395 1425 2432 esse'

156 2444 227 2481 His
247 2444 402 2481 vocibus
425 2445 604 2481 instincta
623 2446 751 2494 plebes
770 2460 884 2495 quum
912 2448 989 2497 jam
1011 2448 1122 2485 unius
1144 2449 1306 2486 hominis
1326 2453 1436 2494 esset

524 2497 597 2533 12*
