1617 2765
129 181 176 220 74
656 185 747 217 'r1'r1
772 188 883 221 L1v11

126 287 224 318 trum
245 282 433 328 laudibus,
466 284 594 321 “Non
615 284 800 331 miseriis‚’
848 286 910 331 ait,
940 288 1043 324 “sed
1064 288 1236 335 licentia,
1270 295 1416 327 tantum

127 334 149 352 “
169 335 362 373 concitum
396 337 616 381 turbarum3
675 346 712 373 et
742 336 915 374 lascixire
950 339 1071 388 macris
1105 341 1266 390 plebem,
1304 355 1416 400 quam

140 386 309 424 “saevire.
368 388 412 425 Id
433 389 527 425 adeo
558 389 698 425 malum
733 402 779 425 ex
809 392 1072 449 prosocatione
1093 402 1248 430 natum:
1279 395 1416 457 quippe

141 440 290 477 ‘minas
309 454 392 478 esse
412 441 626 487 consulum,
647 454 722 477 non
743 442 970 491 imperium
962 472 970 487 ‚
1002 445 1066 480 ubi
1087 446 1132 481 ad
1155 459 1233 492 eos,
1257 447 1319 494 qui
1340 460 1417 483 una

126 493 420 542 “peccauerint,
442 506 645 552 provocare
665 494 789 530 liceat.
848 497 1067 545 Agedum,''
1099 497 1231 545 inquit,
1261 502 1284 520 ⁶·
1300 499 1418 536 dicta·
1447 507 1462 533 5

126 546 150 566 “
167 554 299 593 torem,
321 560 341 583 a
361 560 434 595 quo
454 547 668 595 provocatio
699 560 774 584 non
806 556 874 591 est,
896 562 1082 586 creemus.
1139 550 1225 586 Jam
1248 551 1323 594 hic,
1345 564 1418 599 quo

140 599 271 635 ‘nunc
291 600 419 635 omnia
439 600 584 646 ardent,
619 600 871 637 contiscescet
892 601 1003 638 furor.
1061 602 1191 639 Pulset
1219 610 1298 639 turn
1325 603 1418 640 mihi

126 653 149 672 ‘⁶
125 600 353 695 <lictorem⁷
374 652 437 700 qui
458 652 563 698 sciet,
595 652 656 701 jus
677 653 723 688 de
744 660 851 702 tergo
882 655 1030 702 vitaque
1061 668 1130 692 sua
1162 668 1279 704 penes
1301 669 1417 693 unum

126 705 274 741 “illum
294 718 390 752 esse,
411 705 520 754 cujus
541 706 775 754 majestatem
796 706 985 743 violavit.''

178 810 312 846 XXX.
344 809 489 854 Multis,
514 818 554 846 ut
573 817 666 854 erat,
697 811 848 848 horrida
876 819 914 849 et
943 819 1048 850 atrox
1077 813 1273 850 videbatur
1303 813 1418 863 Appfi
1434 823 1464 849 10

126 863 317 899 sententia
335 876 342 900 :
372 875 501 899 rursus
518 863 681 912 virginii
697 865 890 913 Lartiique
911 866 1084 915 exemplo
1103 866 1204 902 haud
1222 866 1391 903 salubres
1407 880 1418 911 ς

126 916 256 964 utique
277 916 395 952 Lartii
419 915 620 965 [putabant
653 918 915 969 sententiam]‚
950 932 1032 967 quae
1063 926 1177 956 totam
1208 919 1322 956 fidem
1351 919 1420 956 tol-

125 969 231 1005 leret.
290 969 464 1005 Medium
502 969 665 1005 maxime}
696 978 733 1006 et
762 971 998 1007 moderatum
1029 980 1186 1020 utroque
1217 972 1417 1008 consilium

125 1021 291 1070 virginii
313 1021 533 1058 habebatur.
592 1022 668 1058 Sed
701 1022 878 1065 factione,
913 1032 1162 1072 respectuque
1193 1037 1316 1061 rerum
1347 1024 1419 1073 pri-

125 1083 294 1111 vatarum
318 1078 415 1124 (quae
445 1087 593 1123 semper
612 1075 775 1111 offecere
807 1076 1050 1125 officientque
1076 1077 1239 1125 publicis
1268 1077 1419 1113 consili·
1434 1086 1464 1111 15

125 1127 191 1178 is),
214 1127 361 1176 Appius
383 1127 495 1172 vicit3
525 1140 570 1163 ac
590 1128 704 1176 prope
727 1128 808 1174 fuit,
839 1137 879 1165 ut
913 1130 1073 1165 dictator
1093 1129 1154 1165 ille
1184 1130 1286 1166 idem
1315 1142 1419 1166 crea-

126 1190 226 1217 retur
244 1193 252 1215 :
283 1192 366 1228 quae
386 1192 446 1215 res
467 1180 595 1228 utique
608 1180 809 1217 alienasset
824 1181 971 1229 plebem
990 1181 1307 1230 periculosissimo
1327 1189 1419 1218 tem-

124 1245 227 1282 pore,
248 1245 365 1281 quum
391 1232 517 1269 Volsci
548 1232 739 1281 AEquique
772 1242 809 1269 et
834 1234 967 1270 Sabini
997 1234 1091 1270 forte
1113 1235 1187 1270 una
1217 1248 1350 1271 omnes
1378 1236 1418 1272 in

125 1286 240 1323 armis
259 1293 398 1322 essent.
457 1285 533 1322 Sed
555 1298 656 1321 curae
688 1285 756 1322 fuit
785 1287 1006 1323 consulibus
1035 1294 1073 1322 et
1105 1287 1316 1324 senioribus
1351 1289 1419 1325 Pa-

124 1348 238 1386 trum‚
260 1346 299 1374 ut
319 1336 532 1386 imperium,
560 1351 628 1374 suo
663 1339 879 1385 vehemens,
914 1348 1112 1376 mansueto
1140 1341 1465 1388 permittereturm

123 1391 293 1441 ingenio.
368 1391 543 1427 Manium
584 1391 787 1428 'Valerium
828 1393 1065 1434 dictatorem,
1113 1393 1242 1430 Volesi
1285 1393 1417 1437 filiurn,

125 1453 267 1481 creant.
327 1444 474 1490 PlebeS,
496 1444 566 1480 etsi
596 1445 775 1481 adversus
805 1458 844 1481 se
873 1453 1042 1481 creatum
1073 1446 1296 1482 dictatorem
1316 1447 1420 1483 vide-

127 1498 202 1544 bat,
225 1506 364 1542 tamen,
386 1510 501 1545 quum
534 1498 838 1546 provocationem
861 1497 983 1533 fratris
1009 1497 1093 1546 lege
1123 1499 1292 1541 haberet,
1324 1499 1418 1535 nihil

126 1563 174 1586 ex
197 1551 241 1586 ea
263 1550 406 1586 familia
427 1550 530 1585 triste
553 1563 624 1585 nec
645 1551 847 1598 superbum
870 1550 1038 1586 timebat.
1068 1550 1247 1587 Edictum
1265 1551 1416 1597 deinde,

126 1616 146 1639 a
176 1603 360 1639 dictatore
403 1602 647 1651 propositum,
691 1603 926 1639 confirmavit
956 1603 1115 1646 animos,
1160 1603 1308 1642 Servilii
1338 1602 1416 1640 fere
1430 1608 1464 1634 25

124 1655 295 1692 consulis
316 1655 442 1691 edicto
463 1655 718 1691 conveniens:
759 1656 824 1691 sed
859 1663 895 1691 et
924 1655 1069 1691 homini
1090 1663 1128 1692 et
1147 1656 1321 1704 potestati
1342 1669 1419 1692 me-

123 1707 195 1745 lius
215 1708 284 1744 rati
305 1708 423 1750 credi,
444 1708 583 1744 omisso
603 1709 825 1754 certamine,
856 1708 1011 1744 nomina
1030 1708 1180 1744 dedere.
1235 1708 1419 1748 Quantus

124 1774 319 1809 nunquam
352 1760 440 1796 ante
471 1761 674 1803 exercitus,
706 1761 876 1809 legiones
909 1760 1043 1797 decem
1073 1761 1245 1798 effectae:
1298 1767 1417 1797 ternae

124 1814 213 1850 inde
233 1814 330 1850 datae
360 1813 593 1856 consulibus,
623 1822 782 1861 quatuor
811 1813 972 1849 dictator
1001 1825 1099 1850 usus.
1158 1813 1245 1850 Nec
1270 1820 1418 1861 poterat

120 1867 198 1916 jam
220 1866 358 1902 bellurn
381 1866 535 1902 differri.
593 1893 758 1902 .....
1431 1870 1463 1895 :³0

431 1928 549 1961 [Bellum
563 1932 653 1953 contra
666 1929 786 1961 AEquos,
806 1929 924 1959 Volscos,
933 1935 965 1953 ac
983 1927 1112 1961 Sabinos]

176 1974 333 2012 XXXI.
393 2001 557 2012 .....
587 1974 792 2010 Trifariam
815 1987 853 2010 re
875 1974 972 2010 bello
1002 1973 1101 2010 bone
1129 1974 1249 2022 gesta,
1272 1972 1319 2009 de
1353 1974 1418 2011 do-

124 2028 368 2066 mesticarum
389 2040 513 2064 rerum
543 2035 679 2063 eventu
710 2039 783 2063 nec
813 2026 987 2062 Patribus
1015 2038 1088 2062 nec
1116 2025 1216 2074 plebi
1238 2039 1329 2062 cura
1355 2027 1418 2062 de-

125 2088 314 2119 cesserat:
344 2081 450 2117 tanta
469 2093 583 2128 quum
606 2079 740 2128 gratia,
771 2087 849 2116 tum
881 2087 959 2115 arte
979 2086 1280 2127 praeparaverant
1301 2079 1417 2115 foene-

124 2142 279 2180 ratoreS,
300 2146 383 2181 quae
403 2146 478 2170 non
500 2131 611 2169 mod&
630 2132 794 2181 plebem,
815 2132 879 2168 scd
903 2132 1023 2180 ipsum
1044 2132 1157 2167 etiam
1178 2131 1414 2175 dictatorem,

124 2188 406 2224 frustrarentur.
463 2185 640 2233 Namque
660 2185 849 2231 Valerius,
880 2191 961 2232 post
993 2184 1140 2220 Vetusii
1174 2184 1340 2219 consulis
1360 2197 1417 2220 re·
1431 2194 1463 2220 35

124 2240 256 2284 ditum,
278 2239 450 2275 omnium
471 2239 663 2275 actionum
685 2238 723 2274 in
753 2244 887 2273 senatu
907 2236 1065 2285 primam
1089 2236 1219 2286 habuit
1247 2249 1313 2285 pro
1342 2236 1417 2273 vic-

125 2300 203 2329 tore
223 2291 382 2340 populo:
412 2291 624 2338 retulitque,
646 2290 735 2338 quid
756 2289 862 2326 nexis
883 2289 962 2325 ficri
983 2289 1150 2337 placeret
1168 2301 1175 2324 :
1205 2301 1287 2337 quae
1301 2301 1416 2337 quum

124 2345 267 2394 rejecta
301 2343 433 2380 relatio
465 2351 578 2386 esset,
621 2342 749 2378 “Non
779 2342 949 2390 place0‚'’
988 2342 1121 2390 inquit,
1162 2342 1416 2378 “concordiae

125 2401 149 2420 “
167 2403 321 2434 auctor:
353 2395 529 2444 optabitis
565 2395 643 2443 (me
681 2394 779 2431 Dius
818 2394 945 2444 fidius)
986 2407 1100 2443 prope
1130 2394 1244 2439 diem,
1273 2401 1315 2430 ut
1341 2394 1417 2430 mei

127 2449 308 2487 “similes
338 2448 516 2485 Romana
544 2448 674 2496 plebes
708 2455 883 2496 patronos
913 2447 1061 2483 habeat.
1130 2446 1249 2486 Quod
1279 2446 1326 2482 ad
1356 2458 1416 2482 me
1431 2455 1464 2480 4ο

126 2507 150 2526 “
169 2503 315 2546 attinet,
347 2514 470 2550 neque
508 2500 711 2538 frustrabor
750 2499 845 2537 ultra
883 2500 986 2537 cives
1028 2512 1145 2547 meos,
1185 2512 1307 2548 neque
1337 2499 1416 2548 ipse
