1617 2765
172 177 247 215 128
695 176 786 206 'r1T1
809 175 917 206 Livn

171 282 278 306 reum
320 270 419 306 haud
461 269 617 306 dubium
663 269 743 317 ejus
785 281 903 314 noxae‚
942 269 1233 317 approbantibus
1279 270 1440 317 cunctis,

167 322 214 357 de
234 334 323 358 saxo
342 322 491 370 dejecit.
549 321 643 356 Inde
665 321 884 356 intentiores
914 321 1098 369 utrimque
1132 321 1312 357 custodiae
1332 334 1414 357 esse
1431 335 1441 366 3

166 379 204 409 et
222 373 319 421 apud
339 374 477 417 Gallos,
498 373 585 420 quia
605 372 795 420 vulgatum
816 379 907 418 erat,
941 372 1037 409 inter
1071 373 1184 421 Vejos
1203 373 1442 421 Romamque

167 425 319 461 nuntios
338 436 572 468 commeare;
602 431 639 459 et
658 424 755 471 apud
783 423 989 470 Romanos,
1023 425 1070 460 ab
1089 425 1263 461 nocturni
1283 425 1442 473 periculi

166 477 360 513 memoria.
1471 484 1487 509 ⁵

217 578 403 615 XLVIII.
434 579 523 621 Sed,
545 586 631 614 ante
650 579 777 614 omnia
794 579 999 615 obsidionis
1015 579 1176 627 bellique
1193 579 1302 622 mala,
1325 579 1442 616 fames

163 637 361 678 utrumque
380 631 591 666 exercitum
607 630 766 678 urgebat
781 643 788 675 ;
810 631 936 667 Gallos
952 631 1164 679 pestilentia
1179 631 1305 677 etiam,
1325 644 1441 679 quum

163 681 247 718 loco
279 682 430 730 jacente
461 682 556 718 inter
584 681 747 717 tumulos
775 689 898 717 castra
917 683 1110 728 habentes,
1127 691 1206 718 tum
1236 683 1282 718 ab
1311 683 1445 719 incen-

163 733 235 769 diis
272 734 411 770 torrido
439 741 476 769 et
506 733 649 781 vaporis
692 733 814 780 pleno,
845 733 1097 781 cineremque,
1137 746 1212 770 non
1248 734 1439 782 pulverem

162 784 285 826 moda,
308 785 463 827 ferente,
485 797 599 832 quum
618 784 706 831 quid
722 785 820 819 venti
838 792 977 820 motum
995 792 1093 821 esset
1110 798 1118 820 ι
1137 798 1293 833 quorum
1311 786 1440 822 intole-
1454 795 1484 820 10

161 836 375 872 rantissima
393 849 500 883 gens,
519 836 737 883 humorique
758 848 802 871 ac
822 835 947 884 frigori
965 844 1124 882 assueta,
1144 849 1272 884 quum,
1294 845 1384 873 aestu
1404 845 1441 874 et

162 899 302 935 angore
322 895 465 930 vexata,
487 887 646 935 vulgatis
679 887 779 923 velut
812 887 847 923 in
882 900 1003 936 pecua
1034 888 1185 934 morbis,
1211 896 1438 934 moreretur3

159 938 235 987 jam
256 939 407 987 pigritia
427 939 594 987 singulos
614 939 832 986 sepeliendi,
867 939 1078 987 promiscue
1100 947 1290 976 acervatos
1310 953 1440 977 cumu-

161 990 216 1026 los
236 991 428 1026 hominum
449 990 627 1034 urebant3
670 991 944 1038 Bustorumque
965 991 1051 1027 inde
1072 991 1302 1028 Gallicorum
1323 993 1440 1028 nomi·

161 1054 209 1077 ne
230 1042 418 1090 insignem
439 1042 564 1078 locum
585 1042 719 1077 fecere.
778 1042 947 1078 Induciae
967 1043 1104 1078 deinde
1134 1055 1221 1079 cum
1250 1043 1437 1080 Romanis
1454 1053 1483 1078 15

162 1093 282 1135 factae,
304 1101 341 1129 et
360 1093 544 1141 colloquia
565 1093 745 1141 permissu
766 1093 1028 1141 imperatorum
1050 1094 1200 1130 habita:
1244 1095 1283 1131 in
1303 1096 1439 1143 quibus

161 1157 275 1191 quum
297 1145 501 1180 identidem
532 1145 629 1180 Galli
658 1145 794 1181 famem
824 1146 1044 1193 objicerent,
1076 1148 1193 1193 eaque
1212 1147 1438 1183 necessitate

161 1196 208 1231 ad
240 1196 469 1231 deditionem
504 1203 694 1239 vocarent,
724 1197 873 1242 dicitur,
903 1197 1114 1232 avertendae
1143 1197 1224 1246 ejus
1251 1198 1438 1245 opinionis

161 1247 290 1292 causa,
311 1247 438 1283 multis
470 1247 562 1283 locis
590 1248 698 1295 panis
727 1248 773 1283 de
794 1248 979 1295 Capitolio
995 1248 1158 1296 jactatus
1177 1261 1258 1285 esse
1288 1250 1325 1285 in
1357 1250 1439 1286 hos-

159 1298 251 1334 tium
272 1299 462 1335 stationes.
520 1299 595 1334 Sed
611 1299 687 1347 jam
708 1312 828 1347 neque
849 1300 1074 1335 dissimulari
1096 1313 1216 1348 neque
1239 1301 1321 1337 ferri
1343 1301 1482 1338 ultram

159 1349 276 1385 fames
295 1358 449 1398 poterat.
506 1350 650 1398 Itaque,
672 1352 761 1386 dum
791 1351 949 1387 dictator
978 1351 1165 1388 delectum
1199 1365 1265 1400 per
1295 1366 1334 1388 se
1367 1354 1438 1390 Ar-

158 1401 238 1437 deae
259 1402 384 1448 habet,
406 1403 624 1451 magistrum
645 1403 811 1450 equitum
834 1403 875 1438 L.
898 1403 1089 1439 Valerium
1110 1416 1131 1439 a
1150 1403 1255 1453 Vejis
1275 1405 1438 1441 abduce-

157 1465 196 1489 re
216 1454 423 1490 exercitum
440 1454 571 1502 jubet3
618 1462 734 1502 parat,
768 1455 1002 1502 instruitque,
1032 1455 1168 1503 quibus
1198 1456 1297 1492 haud
1319 1457 1436 1504 impar

157 1505 346 1541 adoriatur
366 1506 511 1542 hostes:
552 1506 699 1542 interim
721 1506 955 1554 Capitolinus
984 1507 1181 1552 exereitus,
1212 1508 1436 1544 stationibus

157 1556 366 1604 vigiliisque
387 1557 517 1601 fessus,
550 1558 733 1606 superatis
762 1565 886 1594 tamen
918 1558 1091 1594 humanis
1109 1559 1285 1595 omnibus
1313 1561 1480 1603 malis‚25

157 1620 271 1655 quum
299 1608 434 1644 famem
470 1621 584 1645 unam
613 1616 745 1645 natura
775 1609 874 1645 vinci
896 1623 973 1646 non
994 1610 1145 1653 sineret,
1167 1611 1267 1646 diem
1297 1612 1343 1647 de
1373 1612 1434 1648 die

156 1667 411 1707 prospectans,
433 1661 577 1708 ecquod
599 1661 783 1697 auxilium
817 1662 863 1697 ab
883 1662 1066 1698 dictatore
1087 1669 1306 1710 appareret3
1353 1676 1436 1711 pos-

156 1710 274 1746 tremd
294 1724 358 1759 spe
378 1725 523 1759 quoque
539 1713 630 1761 jam,
661 1725 735 1749 non
753 1712 868 1750 solum
890 1714 986 1758 cibo,
1004 1713 1218 1757 deficiente,
1239 1721 1288 1758 et,
1319 1727 1433 1762 quum

155 1763 335 1799 stationes
372 1764 631 1811 procederent,
666 1764 778 1813 prope
807 1765 1052 1801 obruentibus
1081 1765 1269 1802 infirmum
1298 1779 1434 1814 corpus

156 1814 279 1859 armis,
301 1814 357 1851 vel
377 1815 475 1860 dedi,
497 1816 552 1851 vel
573 1816 707 1852 redimi
737 1829 787 1861 se,
818 1818 1055 1864 qmicumque
1075 1817 1249 1865 pactione
1268 1826 1432 1866 possent,
1446 1826 1477 1850 30

150 1865 282 1913 jussit3
308 1866 538 1914 jactantibus
558 1880 633 1903 non
654 1868 811 1903 obscure
832 1868 962 1913 Galh's,
983 1869 1082 1904 haud
1100 1870 1236 1915 magna
1257 1870 1432 1906 mercede

154 1929 193 1952 se
213 1917 351 1953 adduci
383 1930 504 1965 posse,
535 1926 576 1954 ut
604 1919 836 1955 obsidionem
868 1919 1090 1967 relinquant.
1147 1919 1250 1956 Tum
1279 1929 1432 1958 senatus

155 1968 317 2011 habitus,
355 1969 590 2016 tribunisque
620 1970 778 2005 militum
807 1971 999 2018 negotium
1028 1971 1168 2016 datum,
1199 1979 1239 2008 ut
1267 1973 1432 2020 pacisce-

155 2027 293 2056 rentur.
368 2020 463 2056 Inde
502 2021 598 2057 inter
638 2020 690 2060 Q.
722 2021 931 2069 Sulpicium
973 2022 1166 2058 tribunum
1205 2024 1364 2060 militum
1393 2032 1432 2062 et

153 2071 346 2107 Brennum
376 2072 546 2121 regulum
575 2073 766 2109 Gallorum
796 2073 979 2121 colloquio
998 2081 1186 2110 transacta
1205 2088 1264 2112 res
1282 2084 1364 2120 est;
1394 2084 1431 2114 et
1443 2083 1475 2109 35

153 2123 254 2158 mille
282 2124 407 2171 pondo
436 2124 515 2160 auri
545 2125 703 2172 pretium
741 2125 864 2173 populi
894 2125 1070 2174 gentibus
1098 2139 1183 2162 mox
1213 2127 1429 2176 imperaturi

153 2173 306 2210 sactum.
379 2176 469 2218 Rei,
500 2176 713 2212 soedissimae
742 2189 806 2225 per
848 2190 900 2220 se,
940 2178 1086 2225 adjecta
1115 2178 1318 2227 indignitas
1345 2187 1427 2216 est:

152 2226 318 2273 pondera
340 2227 386 2262 ab
406 2228 525 2263 Gallis
545 2228 655 2264 allata
675 2228 815 2276 iniqua,
835 2236 882 2274 et,
918 2229 1066 2266 tribuno
1085 2238 1296 2277 recusante,
1327 2232 1429 2268 addi-

151 2284 211 2312 tus
244 2280 291 2313 ab
321 2278 506 2315 insolente
539 2280 648 2316 Gallo
677 2281 830 2328 ponderi
861 2281 1030 2329 gladius:
1077 2282 1277 2332 auditaque
1297 2284 1428 2320 intole-

151 2329 268 2365 randa
288 2329 474 2366 Romanis
493 2343 574 2375 vox,
607 2338 630 2354 ‘⁴
648 2332 716 2367 Vae
736 2332 842 2368 victis
861 2332 990 2370 esse.'’
1440 2342 1472 2367 40
