1617 2765
143 166 222 204 222
670 163 761 195 T1T1
784 165 890 194 mvn

146 260 290 300 sociam
318 260 464 303 edocet,
495 272 587 308 quos
615 272 703 297 cum
740 260 785 296 iis
822 259 1006 296 mittebat.
1080 259 1167 308 Ipse
1197 259 1281 296 luce
1310 259 1429 308 prima

146 313 274 363 copias
292 325 424 350 omnes
453 313 622 361 peditum
642 312 884 360 equitumque
914 312 951 348 in
973 311 1094 347 aciem
1115 312 1256 349 eduxit.
1313 312 1430 350 Paulo

145 365 230 416 post
247 373 285 402 et
304 365 350 402 ab
370 365 587 401 Hannibale
608 365 758 414 signum
779 377 916 413 pugnae
936 364 1164 412 propositum
1185 371 1254 411 est,
1274 365 1431 402 clamor-

145 431 218 467 que
247 418 284 454 in
315 417 447 454 castris
476 417 523 453 ad
552 429 655 453 arma
683 416 976 453 discurrentium
1009 423 1066 452 est
1101 417 1292 453 sublatus:
1341 417 1429 454 inde

144 483 260 519 eques
280 470 468 519 pedesque
488 469 660 506 certatim
681 469 795 517 portis
815 481 936 511 ruere,
970 480 1015 504 ac
1034 468 1147 516 palati
1169 482 1233 517 per
1253 482 1429 518 campum
1458 477 1475 502 5

144 535 343 571 properare
365 522 410 558 ad
432 522 569 558 hostes.
625 521 736 560 Quos
757 520 819 557 ubi
840 520 978 557 effusos
998 521 1128 557 consul
1147 521 1259 567 videt,
1280 522 1430 559 tribuno

144 575 304 611 militum
325 574 443 610 tertiae
473 573 633 622 legionis
663 574 707 610 C.
730 573 991 621 Aurunculejo
1024 573 1194 621 imperat,
1226 582 1266 610 ut
1285 573 1430 622 equites

144 627 317 676 legionis,
337 633 477 674 quanto
497 626 660 661 maximo
686 626 828 673 impetu
857 625 984 673 possit,
1016 625 1053 661 in
1084 626 1227 662 hostem
1258 626 1428 662 emittat:

145 685 169 701 ‘⁴
189 679 250 721 ita,
289 690 467 727 pecorum
498 678 610 714 modo
639 677 919 725 incompositos,
957 683 1032 713 toto
1061 678 1196 725 passim
1227 690 1361 726 campo
1389 690 1429 715 se

145 737 169 753 ‘⁴
188 730 341 774 fudisse,
380 737 418 766 ut
448 730 564 766 sterni
593 729 799 777 obterique,
828 728 1045 777 priusquam
1074 729 1319 776 instruantur,
1350 743 1431 779 pos·
1446 738 1475 763 10

145 789 169 805 “
186 782 299 819 sint.”

198 887 327 924 XLII.
359 887 541 925 Nondum
555 887 749 925 Hannibal
769 900 790 925 e
806 887 939 924 castris
954 887 1113 935 exierat,
1130 900 1245 936 quum
1261 901 1432 938 pugnan-

145 940 239 977 tium
259 940 463 977 clamorem
484 941 651 977 audivit:
681 940 817 988 itaque,
851 940 998 977 excitus
1016 940 1192 984 tumultu,
1223 941 1357 989 raptim
1384 941 1431 977 ad

146 993 289 1029 hostem
310 993 438 1041 copias
458 993 545 1042 agit.
605 994 689 1030 Jam
709 993 848 1041 primos
876 1000 1127 1041 occupaverat
1155 1000 1327 1041 equester
1359 1000 1432 1030 ter-

145 1057 227 1081 ror:
270 1045 438 1093 peditum
459 1046 572 1082 etiam
602 1045 723 1094 prima
750 1045 849 1094 legio
868 1051 906 1081 et
933 1045 1064 1081 dextra
1093 1045 1151 1080 ala
1171 1045 1341 1093 proelium
1362 1045 1432 1081 ini·
1447 1055 1477 1080 15

146 1097 249 1133 bant.
307 1097 554 1146 Incompositi
576 1098 714 1143 hostes,
735 1106 775 1133 ut
793 1109 979 1145 quemque
1000 1104 1063 1133 aut
1096 1097 1211 1145 pediti
1232 1104 1297 1133 aut
1315 1097 1431 1145 equiti

145 1161 257 1185 casus
275 1149 422 1195 obtulit,
461 1149 512 1185 ita
549 1156 755 1186 conserunt
783 1161 930 1185 manus.
989 1149 1138 1184 Crescit
1157 1161 1285 1197 pugna
1313 1149 1432 1185 subsi-

144 1201 229 1244 diis,
250 1208 288 1237 et
308 1201 607 1249 procurrentium
639 1202 685 1238 ad
713 1208 906 1237 certamen
926 1213 1084 1237 numero
1114 1208 1298 1249 augetur:
1341 1213 1433 1250 pug-

144 1260 358 1301 nantesque
381 1254 498 1302 (quod
519 1253 591 1290 nisi
621 1254 659 1290 in
681 1261 806 1289 vetere
825 1253 1009 1299 exercitu,
1030 1260 1067 1289 et
1085 1253 1175 1289 duci
1196 1252 1311 1288 veteri
1331 1253 1432 1289 haud

146 1305 256 1342 facile
276 1306 350 1356 est)
386 1306 482 1342 inter
503 1306 703 1342 tumultum
738 1318 782 1341 ac
810 1312 989 1341 terrorem
1019 1305 1257 1341 instruxisset
1286 1304 1477 1341 Hanni-20

145 1357 218 1401 bal,
239 1358 278 1394 ni
298 1358 512 1395 cohortium
532 1370 577 1394 ac
611 1358 888 1407 manipulorum
922 1357 1204 1394 decurrentium
1224 1370 1290 1405 per
1318 1357 1433 1394 colles

145 1410 297 1456 clamor,
328 1411 375 1447 ab
407 1418 513 1460 tergo
552 1410 716 1454 auditus,
755 1417 909 1454 metum,
953 1422 1000 1446 ne
1042 1409 1383 1446 intercluderentur
1411 1422 1434 1446 a

146 1462 289 1508 castris,
311 1463 514 1511 injecisset.
571 1462 668 1499 Inde
687 1475 799 1511 pavor
820 1462 1007 1504 incussus,
1029 1470 1067 1498 et
1086 1462 1174 1510 fuga
1193 1461 1331 1510 passim
1352 1461 1431 1499 fieri

145 1522 269 1563 coepta
305 1523 360 1551 est
379 1528 386 1551 :
434 1515 630 1563 minorque
659 1515 784 1552 caedes
813 1514 893 1559 fuit,
937 1514 1025 1561 quia
1063 1514 1319 1562 propinquitas
1353 1526 1432 1550 cas-

144 1574 283 1603 trorum
307 1567 513 1604 breviorem
535 1567 661 1616 fugam
692 1566 875 1616 perculsis
895 1566 995 1602 fecit.
1053 1565 1210 1614 Equites
1239 1566 1339 1602 enim
1360 1573 1477 1602 ter-25

144 1631 193 1667 go
213 1618 449 1656 inhaerebant
466 1633 474 1656 z
504 1620 542 1655 in
563 1627 774 1656 transversa
791 1619 908 1655 latera
936 1618 1150 1654 invaserant
1170 1618 1354 1663 cohortes,
1375 1630 1432 1654 se-

146 1671 282 1707 cundis
315 1672 474 1708 collibus
510 1672 569 1708 via
611 1672 715 1708 nuda
744 1684 789 1707 ac
819 1670 920 1707 facili
949 1671 1206 1707 decurrentes.
1280 1669 1431 1707 Tamen

145 1735 258 1771 supra
275 1731 362 1760 octo
382 1724 499 1760 millia
519 1724 714 1760 hominum
734 1723 888 1767 occisa3
930 1735 1042 1771 supra
1067 1722 1328 1771 septingentos
1347 1735 1433 1771 cap-

145 1775 196 1811 ti:
236 1775 345 1824 signa
364 1776 540 1812 militaria
559 1789 693 1813 novem
725 1776 924 1824 adempta:
971 1775 1163 1824 elephanti
1196 1775 1322 1821 etiam,
1343 1787 1432 1822 quo·

145 1840 227 1863 rum
248 1827 373 1864 nullus
394 1841 484 1864 usus
504 1828 542 1864 in
562 1828 760 1876 repentina
789 1841 834 1864 ac
863 1827 1106 1864 tumultuaria
1138 1828 1267 1875 pugna
1297 1827 1476 1870 fuerat,3⁰

144 1886 302 1926 quatuor
321 1880 450 1924 occisi,
480 1880 554 1916 duo
583 1880 694 1928 capti.
770 1880 884 1916 Circa
912 1880 1139 1927 quingentos
1169 1879 1431 1915 Romanorum

145 1930 406 1979 sociorumque
439 1931 600 1967 victores
629 1931 863 1967 ceciderunt.
921 1931 1074 1966 Postero
1102 1930 1163 1966 die
1197 1930 1334 1966 Poenus
1353 1930 1432 1978 qui-

145 1983 243 2019 evit:
272 1982 484 2025 Romanus,
506 1983 543 2019 in
565 1983 686 2019 aciem
707 1983 826 2031 copiis
845 1982 1006 2024 eductis,
1027 1989 1221 2030 postquam
1238 1982 1431 2019 neminem

145 2034 254 2083 signa
284 2035 414 2072 contra
443 2035 576 2071 efferre
608 2035 710 2078 vidit,
742 2035 860 2083 spolia
892 2034 965 2083 legi
985 2046 1167 2070 caesorum
1189 2034 1365 2081 hostium,
1394 2041 1432 2071 et

145 2099 297 2124 suorum
319 2099 475 2136 corpora
493 2087 628 2124 collata
660 2087 698 2123 in
724 2099 842 2123 unum
863 2086 1011 2135 sepeliri
1026 2086 1148 2134 jussit.
1207 2086 1302 2122 Inde
1333 2087 1476 2123 inse-35

144 2139 348 2186 quentibus
368 2139 558 2176 continuis
578 2139 711 2175 diebus
731 2139 870 2187 aliquot
889 2139 939 2174 ita
960 2138 1092 2174 institit
1111 2138 1238 2186 portis,
1256 2146 1296 2176 ut
1315 2139 1430 2188 prope

147 2191 285 2227 inferre
305 2191 412 2241 signa
433 2192 643 2236 videretur3
687 2191 809 2228 donec
831 2190 1023 2227 Hannibal
1051 2191 1158 2227 tertia
1188 2191 1330 2240 vigilia,
1350 2204 1431 2228 cre-

147 2242 222 2279 bris
241 2242 393 2291 ignibus
413 2243 752 2291 tabernaculisque,
782 2255 865 2291 quae
895 2255 979 2291 pars
1011 2250 1217 2279 castrorum
1238 2243 1284 2279 ad
1305 2244 1430 2280 hostes

146 2295 336 2343 vergebat,
358 2303 395 2332 et
414 2296 593 2332 Numidis
613 2295 757 2344 paucis,
784 2295 847 2343 qui
867 2294 904 2331 in
926 2294 1020 2330 vallo
1039 2295 1227 2343 portisque
1247 2307 1286 2332 se
1305 2302 1430 2332 osten-

147 2347 293 2392 derent,
332 2347 485 2390 relictis,
516 2347 706 2396 profectus
742 2347 921 2396 Apuliam
951 2354 1077 2396 petere
1107 2347 1280 2384 intendit.
1354 2347 1427 2384 Ubi
1442 2360 1474 2385 40

148 2398 280 2443 illuxit,
302 2399 486 2437 successit
505 2399 599 2436 vallo
629 2399 806 2436 Romana
835 2399 958 2436 acies:
998 2406 1035 2436 et
1067 2399 1245 2436 Numidae
1265 2412 1311 2436 ex
1330 2411 1431 2436 com-

148 2451 270 2500 posito
288 2453 475 2502 paulisper
504 2452 541 2489 in
571 2452 687 2501 portis
715 2464 755 2489 se
776 2451 943 2500 valloque
963 2453 1220 2496 ostentavere3
1251 2449 1431 2488 frustrati-
