1617 2765
119 174 199 211 268
649 173 739 205 T1T1
765 175 870 204 L1v11

122 269 146 289 ‘⁴
163 267 345 305 crevistis.
403 268 461 306 Εὸ
483 283 600 318 usque
621 283 681 306 me
702 270 824 306 vivere
845 270 968 317 vultis,
989 270 1122 316 donec,
1157 271 1310 308 alterius
1331 285 1408 309 ves-

121 321 146 341 “
163 320 265 357 trfim
286 330 489 371 superstes,
511 323 608 358 haud
631 322 849 371 ambiguum
868 335 994 371 regem
1017 323 1172 359 alterum
1190 325 1267 359 me&⁴
1291 332 1408 361 morte

121 374 145 394 “
164 371 312 410 faciam.
370 374 456 411 Nec
477 375 627 411 fratrem
649 387 722 410 nec
743 383 886 423 patrem
916 376 1069 423 potestis
1089 376 1190 433 pati:
1234 376 1325 412 nihil
1347 390 1408 413 ca-

120 426 144 447 “
162 424 205 469 ri,
228 425 320 463 nihil
341 427 462 463 sancti
482 433 564 463 est:
605 426 643 463 in
663 428 834 463 omnium
869 427 988 463 vicem
1021 428 1128 476 regni
1150 428 1261 464 unius
1281 429 1409 465 insati—

120 476 272 514 “abilis
306 492 408 516 amor
446 478 640 516 successit.
698 479 824 528 Agite,
862 479 1119 516 conscelerate
1150 493 1258 516 aures
1287 489 1408 529 pater·
1438 488 1453 513 5

120 532 254 565 “nas:
298 531 491 568 decernite
518 530 753 577 criminibus,
791 545 877 568 mox
910 531 1006 568 ferro
1026 532 1213 569 decreturi
1237 545 1245 569 :
1292 533 1408 570 dicite

119 585 144 606 ί(
160 581 297 629 palam,
331 583 511 632 quidquid
541 590 605 620 aut
637 583 714 619 veri
744 584 910 631 potestis,
942 591 1006 620 aut
1036 584 1274 621 comminisci
1304 585 1407 622 libet.

119 637 144 659 “
161 633 359 671 Reseratae
380 648 489 672 aures
509 643 609 680 sunt,
639 647 722 683 quae
742 637 898 683 posthac
931 637 1088 673 secretis
1120 637 1273 673 alterius
1293 638 1340 674 ab
1360 638 1409 674 al-

119 690 240 722 “tero
282 688 505 724 criminibus
543 687 804 724 claudenturss’
876 689 985 733 Haec,
1023 689 1150 725 furens
1188 690 1253 733 ira,
1293 703 1407 738 quum

120 737 290 783 dixisset,
312 740 487 797 lacrymae
510 739 688 776 omnibus
719 740 886 776 obortae·
878 768 888 784 ,
935 747 972 777 et
1000 741 1065 777 diu
1094 749 1270 778 moestum
1298 743 1454 779 silea-10

119 789 213 826 tium
234 792 367 829 tenuit.

171 894 243 932 IX.
292 896 393 933 Tum
430 897 617 934 Perseus:
657 898 920 946 “Aperienda
948 898 1126 935 nimirum
1157 908 1267 936 nocte
1293 899 1408 948 J'anua

119 947 146 967 “
163 947 244 994 fult
284 957 322 985 et
351 950 483 986 armati
522 949 786 987 comissatores
825 950 1054 999 accipiendi,
1088 952 1408 1009 praebendumque

117 999 256 1037 “ferro
289 1001 478 1051 jugulum,
517 1003 668 1050 quando
707 1015 783 1039 non
823 1003 1001 1047 creditur,
1039 1003 1110 1039 nisi
1141 1012 1407 1052 perpetratum,

119 1052 144 1073 “
162 1052 336 1098 facinus3
366 1061 404 1090 et
423 1054 557 1090 eadem
578 1055 716 1102 petitus
736 1055 883 1091 insidiis
913 1034 1038 1097 audio,
1069 1068 1151 1103 quae
1185 1056 1278 1093 latro
1298 1064 1407 1105 atque
1425 1065 1453 1090 1⁵

119 1105 143 1125 ‘⁶
159 1104 366 1142 insidiator.
424 1106 513 1142 Non
535 1107 790 1154 nequidquam
810 1107 870 1143 isti
893 1120 1010 1143 unum
1032 1107 1268 1144 Demetrium
1291 1109 1409 1145 filium

116 1157 195 1192 “te
225 1158 376 1203 habere,
408 1170 468 1194 me
497 1158 689 1194 subditum
729 1166 766 1194 et
804 1159 939 1207 pellice
978 1159 1149 1207 genitum
1186 1160 1408 1208 appellant:

117 1211 258 1255 “nam,
280 1210 310 1246 si
329 1210 502 1259 gradum,
533 1210 564 1246 si
593 1211 788 1247 caritatem
820 1211 883 1247 filii
919 1211 1017 1259 apud
1039 1220 1075 1248 te
1109 1212 1298 1257 haberem,
1332 1225 1407 1249 non

115 1262 195 1298 “in
218 1275 278 1298 me
307 1270 529 1311 querentem
559 1262 816 1311 deprehensas
848 1263 1017 1306 insidias,
1049 1264 1113 1300 sed
1147 1265 1184 1300 in
1221 1277 1309 1301 eum
1346 1265 1408 1313 qui

115 1316 140 1337 “
158 1313 323 1358 fecisset,
345 1315 495 1351 saevires
513 1328 520 1352 2
552 1327 624 1351 nec
644 1314 738 1351 adet}
759 1316 825 1352 tibi
847 1316 928 1352 vilis
959 1316 1032 1352 vita
1066 1324 1165 1352 esset
1197 1325 1335 1360 nostra,
1369 1325 1408 1354 ut
1422 1325 1454 1350 20

115 1368 141 1390 “
158 1379 229 1403 nec
249 1368 438 1415 praeterito
456 1367 625 1416 periculo
645 1380 729 1404 meo
749 1369 964 1410 movereris,
996 1381 1118 1416 neque
1148 1368 1282 1414 futuro,
1305 1370 1335 1405 si
1356 1370 1410 1406 in-

116 1419 384 1457 “sidiantibus
403 1420 451 1456 sit
481 1420 646 1468 impune.
704 1419 850 1468 Itaque,
880 1421 910 1456 si
941 1421 1033 1456 mori
1064 1421 1221 1458 tacitum
1250 1429 1407 1470 oportet,

115 1475 366 1518 “taceamuS,
396 1473 539 1521 precati
569 1473 713 1509 tanturn
743 1472 857 1515 Deos,
889 1480 928 1509 ut
958 1486 978 1508 a
1008 1485 1067 1508 me
1098 1482 1263 1521 coeptum
1284 1475 1409 1510 scelus

116 1527 141 1548 ‘⁶
158 1523 196 1560 in
218 1537 277 1560 me
299 1524 412 1561 finem
434 1525 583 1568 habeat,
618 1538 691 1561 nec
721 1538 786 1573 per
806 1538 933 1561 meum
953 1525 1051 1561 latus
1072 1534 1110 1561 tu
1131 1526 1280 1573 petaris.
1339 1526 1407 1563 Sin

116 1579 141 1602 ‘⁶
157 1583 284 1613 autem
307 1576 422 1625 (quod
444 1577 715 1613 circumventis
735 1578 772 1613 in
793 1577 995 1613 solitudine
1031 1586 1165 1614 natura
1196 1578 1276 1626 ipsa
1296 1579 1454 1627 subji-‘25

116 1633 140 1653 “
157 1629 222 1675 cit,
261 1636 301 1665 ut
338 1629 546 1674 hominum,
585 1641 677 1677 quos
714 1642 907 1687 nunquam
943 1629 1116 1674 viderint,
1148 1630 1260 1666 fidem
1282 1638 1409 1667 tamen

117 1686 141 1706 “
158 1680 376 1732 implorent)
410 1682 501 1718 mihi
530 1695 691 1730 quoque,
723 1682 861 1718 lerrum
891 1682 928 1718 in
960 1694 1020 1717 me
1050 1683 1221 1719 strictum
1252 1695 1410 1719 cernen-

116 1738 141 1759 “
157 1733 197 1776 ti,
219 1746 349 1770 vocem
371 1734 518 1770 mittere
538 1734 678 1778 liceat·
708 1747 774 1782 per
793 1741 842 1779 te,
872 1735 1108 1782 patriumque
1130 1748 1282 1782 nomen,
1311 1736 1409 1783 quod

118 1786 233 1822 “utri
264 1787 433 1823 nostrum
454 1787 623 1823 sanctius
641 1786 701 1832 sit,
728 1787 805 1835 Jam
835 1787 981 1835 pridem
1011 1788 1142 1833 sentis,
1174 1787 1224 1823 ita
1255 1801 1315 1824 me
1346 1801 1410 1824 au-

116 1844 141 1865 “
159 1838 251 1883 dias,
272 1851 420 1887 precor,
440 1847 630 1887 tamquam
651 1839 695 1881 si,
717 1851 809 1875 voce
838 1846 876 1875 et
904 1839 1199 1887 comploratione
1220 1841 1408 1876 nocturna
1423 1848 1455 1872 30

116 1897 140 1917 (6
157 1890 318 1936 excitus,
340 1891 429 1926 mihi
450 1891 642 1938 quiritanti
674 1891 954 1948 intervenisses‚
987 1891 1224 1926 Demetrium
1245 1904 1332 1927 cum
1354 1905 1409 1928 ar-

117 1950 142 1970 “
160 1943 270 1978 matis
291 1950 402 1979 nocte
435 1943 670 2000 intempesta·
693 1943 729 1978 in
760 1943 944 1978 vestibulo
965 1955 1050 1978 meo
1079 1943 1407 1990 deprehendisses.

117 1994 276 2033 “Quod
297 2003 375 2031 tum
406 1994 632 2032 vociferarer
662 1994 700 2030 in
730 2007 769 2030 re
799 1994 973 2042 praesenti
996 1994 1164 2042 pavidus
1201 1996 1272 2032 hoc
1304 2009 1408 2034 nunc

118 2054 308 2105 “postero
328 2047 388 2083 die
418 2060 563 2106 queror.
621 2046 767 2092 Frater,
787 2059 862 2082 non
893 2046 1179 2083 comissantium
1212 2048 1249 2083 in
1286 2048 1408 2085 vicem

118 2099 234 2148 “jam
267 2099 332 2135 diu
362 2100 520 2136 vivimus
550 2099 646 2136 inter
675 2111 755 2135 nos.
822 2099 1004 2147 Regnare
1034 2099 1162 2147 utique
1193 2100 1272 2137 vis:
1320 2101 1455 2138 huic³5

119 2160 144 2181 “
160 2152 242 2199 spei
264 2160 337 2187 tuae
366 2152 488 2189 obstat
508 2160 597 2188 aetas
618 2164 714 2197 mea,
743 2151 866 2188 obstat
888 2151 1059 2199 gentium
1088 2151 1162 2200 jus,
1193 2152 1316 2189 obstat
1349 2166 1409 2190 ve-

119 2213 144 2234 κ
160 2211 282 2240 tustus
303 2204 541 2241 Macedoniae
562 2217 655 2250 mos,
674 2204 798 2240 obstat
827 2203 912 2239 vero
941 2204 1054 2239 etiam
1075 2204 1190 2251 patris
1206 2205 1406 2253 judicium.

120 2257 146 2279 “
162 2256 258 2292 Haec
279 2257 561 2300 transcendere,
584 2257 654 2293 nisi
676 2269 740 2304 per
761 2269 887 2292 meum
921 2256 1162 2305 sanguinem,
1184 2270 1258 2293 non
1279 2266 1407 2306 potes:

120 2310 144 2330 “
159 2309 288 2346 omnia
307 2309 448 2345 moliris
467 2316 505 2345 et
523 2316 645 2346 tentas
663 2321 670 2345 :
701 2309 825 2345 adhuc
846 2321 912 2344 seu
932 2321 1023 2344 cura
1044 2321 1141 2354 mea,
1161 2322 1227 2346 seu
1245 2310 1406 2354 fortuna,

121 2361 297 2398 “restitit
316 2362 518 2409 parricidio
537 2371 612 2398 tuo.
671 2361 860 2397 Hesterna
889 2361 950 2397 die
971 2361 1007 2397 in
1030 2361 1263 2409 lustratione,
1289 2371 1326 2399 et
1346 2364 1409 2399 de·
1423 2370 1454 2395 40

121 2415 145 2436 “
163 2427 290 2456 cursu,
312 2421 349 2450 et
368 2414 570 2451 simulacro
590 2414 736 2450 ludicro
755 2426 904 2462 pugnae,
926 2413 1118 2450 funestum
1140 2415 1253 2463 prope
1284 2415 1408 2463 proeli-

121 2468 225 2504 “um
246 2466 391 2511 fecisti3
421 2479 493 2504 nec
515 2479 574 2504 me
594 2466 696 2503 aliud
726 2479 748 2503 a
772 2474 890 2503 morte
922 2466 1138 2510 vindicavit,
1168 2467 1279 2515 quam
1308 2466 1408 2516 quod
