1638 2765
144 159 170 196 6
668 157 758 188 'rm
782 158 892 188 L1V11

145 251 297 298 virique,
315 257 352 288 et
381 251 547 287 animum
569 251 624 287 vel
645 251 742 288 bello
763 252 818 288 vel
838 252 922 300 paci
953 259 1134 300 paratum,
1156 253 1308 290 dextera
1328 253 1416 290 data

145 302 256 338 sidem
279 303 410 339 suturae
431 304 605 339 amicitiae
626 304 792 339 sanxisse
811 316 818 340 :
849 304 936 339 inde
958 304 1078 339 soedus
1098 305 1213 341 ictum
1234 306 1329 341 inter
1349 306 1416 342 du-

145 366 222 397 ces,
243 354 339 391 inter
359 355 547 391 exercitus
566 355 828 391 salutationem
850 355 1008 391 factam:
1030 356 1179 392 AEnean
1198 358 1294 405 apud
1317 357 1417 393 Lati-

145 418 235 442 num
266 406 379 442 fuisse
413 407 451 443 in
485 406 666 454 hospitio:
706 407 755 442 ibi
785 406 962 442 Latinum
992 408 1089 454 apud
1121 407 1282 444 Penates
1314 408 1416 445 Deos

144 458 392 494 domesticum
412 458 564 507 publico
584 458 798 506 adjunxisse
829 458 962 501 foedus,
983 459 1060 494 filia
1080 459 1213 495 AEneae
1234 460 1271 496 in
1293 461 1444 497 matri-5

144 510 312 545 monium
333 511 432 546 data.
489 509 546 545 Ea
573 522 632 545 res
655 510 781 557 utique
811 510 988 558 Trojanis
1017 523 1120 558 spem
1151 511 1308 547 affirmat
1336 520 1416 548 tan-

144 561 229 597 dem
250 562 371 598 stabili
393 561 569 609 certeque
599 562 687 597 sede
716 561 871 597 finiendi
905 562 1050 598 erroris.
1107 562 1297 610 Oppidum
1327 576 1416 600 con-

144 613 250 649 dunt.
308 613 451 649 AEneas
471 613 517 648 ab
537 614 689 649 nomine
710 613 834 649 uxoris
851 613 1049 649 Lavinium
1077 615 1248 662 appellat.
1304 614 1415 651 Brevi

145 665 253 713 stirps
281 678 427 713 quoque
457 665 571 700 virilis
599 677 645 700 ex
678 678 774 701 novo
807 666 1043 702 matrimonio
1072 666 1163 710 fuit3
1207 667 1268 703 cui
1298 667 1417 703 Asca-

145 717 248 752 nium
268 724 443 765 parentes
463 716 591 752 dixere
611 729 761 753 nomen.
1430 729 1460 755 10

197 819 250 855 ΙΙ.
298 820 402 856 Bello
441 820 577 856 deinde
617 820 846 868 Aborigines
885 820 1116 869 Trojanique
1155 822 1264 858 simul
1298 822 1414 871 petiti.

145 871 314 918 Turnus,
335 885 400 907 rex
421 872 660 917 Rutulorum,
681 873 743 908 cui
772 880 883 920 pacta
912 873 1069 909 Lavinia
1098 882 1184 909 ante
1214 875 1415 911 adventum

145 924 279 960 AEneae
313 924 442 968 fuerat,
463 924 656 972 praelatum
687 924 756 960 sibi
788 924 970 960 advenam
1001 924 1098 973 aegre
1120 925 1275 973 patiens,
1306 926 1415 962 simul

145 975 279 1011 AEneae
301 975 509 1023 Latinoque
530 976 669 1011 bellum
691 976 876 1012 intulerat.
933 976 1079 1012 Neutra
1095 978 1196 1013 acies
1211 978 1294 1013 laeta
1310 990 1355 1014 ex
1371 990 1416 1015 eo

144 1028 350 1063 certamine
370 1028 482 1064 abiit:
512 1027 599 1063 victi
622 1028 777 1063 Rutuli:
807 1028 966 1063 victores
996 1029 1223 1076 Aborigines
1244 1030 1416 1078 Trojani-
1431 1043 1461 1067 15

144 1091 215 1125 que
237 1079 373 1115 ducem
395 1080 570 1115 Latinum
593 1079 764 1115 amisere.
821 1079 916 1115 Inde
937 1080 1092 1116 Turnus
1110 1081 1331 1129 Rutulique,
1349 1082 1417 1118 dif-

147 1131 200 1166 fisi
231 1131 355 1174 rebus,
395 1132 439 1167 ad
478 1131 653 1167 florentes
682 1131 925 1167 Etruscorum
962 1144 1052 1180 opes
1090 1132 1415 1181 Mezentiumque,

144 1195 270 1218 eorum
298 1195 439 1231 regem,
461 1183 706 1231 confugiunt3
736 1183 811 1240 qui,
833 1183 941 1219 Caere
969 1184 1146 1231 opulento
1174 1191 1250 1220 tum
1280 1185 1416 1242 oppido

145 1233 374 1282 imperitans,
405 1235 481 1283 jam
512 1235 599 1270 inde
630 1235 676 1270 ab
707 1235 813 1271 initio
839 1235 992 1271 minime
1021 1236 1128 1271 laetus
1147 1249 1251 1272 novae
1270 1237 1415 1285 origine

145 1286 256 1330 urbis,
287 1294 324 1322 et
353 1294 431 1322 tum
457 1286 573 1322 nimio
603 1286 696 1334 plus,
725 1299 837 1335 quam
867 1287 956 1322 satis
983 1294 1103 1323 tutum
1133 1296 1232 1324 esset
1260 1289 1461 1332 accolis‚20

144 1350 222 1373 rem
257 1338 462 1397 Trojanam
492 1351 663 1375 crescere
693 1347 807 1381 raum,
842 1339 942 1374 haud
972 1339 1152 1387 gravatim
1182 1340 1285 1376 socia
1313 1352 1416 1376 arma

145 1390 314 1429 Rutulis
325 1391 460 1439 junxit.
518 1390 674 1435 AEneaS‚
709 1391 885 1426 adversus
914 1391 1007 1426 tanti
1038 1390 1123 1426 belli
1152 1398 1342 1436 terrorem,
1376 1399 1416 1429 ut

145 1443 290 1478 animos
329 1442 580 1500 Aboriginum
619 1442 690 1478 sibi
729 1442 960 1485 conciliaret,
990 1455 1038 1478 ne
1067 1443 1136 1478 sub
1169 1444 1301 1479 eodem
1331 1444 1415 1492 jure

145 1494 274 1539 solum,
296 1495 359 1530 sed
391 1495 504 1530 etiam
533 1494 698 1536 nomine,
719 1507 851 1529 omnes
878 1501 1017 1536 essent,
1039 1493 1193 1530 Latinos
1222 1502 1416 1543 utramque

144 1554 295 1594 gentem
312 1546 521 1594 appellavit.
578 1545 662 1581 Nec
682 1546 819 1581 deinde
842 1545 1070 1593 Aborigines
1090 1546 1266 1594 TroJanis
1295 1548 1462 1584 studi025

145 1610 189 1634 ac
210 1598 282 1633 fide
302 1611 391 1646 erga
411 1611 537 1646 regem
559 1598 708 1634 AEnean
729 1610 901 1633 cessere:
923 1597 1110 1644 fretusque
1127 1598 1184 1634 his
1201 1599 1336 1635 animis
1356 1612 1417 1636 co-

145 1650 389 1686 alescentium
412 1650 448 1686 in
470 1650 549 1686 dies
570 1649 689 1697 magis
704 1649 862 1685 duorum
883 1649 1100 1697 populorum
1119 1649 1273 1695 AEneas,
1291 1663 1417 1698 quam-

145 1714 254 1749 quam
285 1709 388 1738 tanta
407 1702 540 1750 opibus
568 1701 719 1737 Etruria
747 1708 838 1745 erat,
860 1708 899 1736 ut
929 1702 1003 1749 jam
1034 1714 1109 1736 non
1138 1708 1254 1738 terras
1283 1702 1416 1749 solum,

145 1754 209 1789 sed
232 1766 332 1789 mare
361 1754 472 1790 etiam
502 1766 567 1801 per
596 1761 709 1789 totam
740 1753 858 1788 Italiae
879 1753 1166 1801 longitudinem,
1188 1754 1234 1789 ab
1256 1754 1417 1802 Alpibus

145 1806 191 1841 ad
231 1805 366 1841 fretum
396 1805 581 1850 Siculum,
619 1805 718 1840 sama
751 1805 913 1841 nominis
952 1804 1008 1840 sui
1049 1805 1248 1852 implesset,
1278 1813 1462 1852 tamen‚3o

145 1870 258 1905 quum
289 1858 476 1893 moenibus
506 1857 643 1893 bellum
672 1857 886 1904 propulsare
914 1863 1052 1904 posset,
1073 1856 1111 1892 in
1141 1857 1261 1893 aciem
1290 1858 1418 1906 copias

145 1909 287 1945 eduxit.
345 1909 565 1945 Secundum
606 1909 692 1944 inde
722 1908 893 1956 proelium
922 1908 1090 1951 Latinis;
1132 1908 1265 1944 AEneae
1304 1910 1417 1946 etiam

145 1961 504 2009 ultimum'operum
544 1960 754 1996 mortalium
785 1959 874 1995 suit:
915 1960 1006 1995 situs
1045 1966 1112 2004 est,
1141 1973 1416 2009 quemcumque

146 2026 232 2049 eum
262 2013 337 2049 dici
363 2013 424 2062 jus
453 2013 580 2060 sasque
608 2019 678 2058 est,
699 2024 808 2060 super
837 2011 1058 2047 Numicium
1076 2010 1228 2047 flumen.
1284 2012 1416 2049 Jovem

146 2065 359 2115 Indigetem
385 2065 582 2114 appellant.
1239 2114 1242 2117 ¹
1429 2074 1462 2100 Βῆ

209 2169 284 2206 ΙΙΙ.
329 2169 507 2206 Nondum
538 2178 705 2206 maturus
734 2168 889 2217 imperio
918 2168 1122 2210 Ascanius,
1144 2168 1277 2205 AEneae
1306 2169 1416 2215 filius,

146 2229 246 2259 erat:
276 2229 400 2258 tamen
423 2222 457 2257 id
489 2222 685 2270 imperium
715 2221 750 2257 ei
780 2221 825 2257 ad
856 2220 1034 2268 puberem
1056 2227 1200 2256 aetatem
1229 2221 1417 2258 incolume

150 2274 309 2311 mansit:
338 2274 517 2322 tantisper
550 2273 667 2310 tutelei
686 2272 857 2308 muliebri
881 2272 1002 2319 (tanta
1030 2272 1174 2308 indoles
1200 2272 1237 2308 in
1259 2273 1418 2310 Lavinia

147 2328 244 2375 erat)
266 2339 324 2362 res
344 2325 479 2361 Latina
498 2333 535 2362 et
554 2338 711 2373 regnum
733 2325 869 2360 avitum
886 2331 1157 2372 paternumque
1173 2337 1288 2372 puero
1304 2325 1415 2361 stetit.

149 2378 262 2415 Haud
284 2378 374 2414 nihil
397 2377 582 2423 ambigam
606 2377 704 2424 (quis
723 2376 822 2412 enim
845 2389 921 2411 rem
952 2383 1026 2411 tam
1047 2384 1208 2412 veterem
1231 2390 1295 2424 pro
1315 2383 1461 2413 certo«)

149 2430 375 2480 affirmetl),
414 2430 562 2466 hiccine
602 2429 711 2465 fuerit
741 2428 942 2474 Ascanius,
973 2440 1019 2463 an
1057 2428 1173 2477 major
1201 2429 1311 2476 quam
1342 2428 1415 2475 hic,
