1638 2765
194 197 246 233 24
722 196 814 227 T1T1
838 196 949 227 L1V11

195 289 315 327 utrius
334 292 460 340 populi
482 291 643 338 Horatii,
664 291 782 327 utrius
804 291 963 328 Curiatii
985 292 1132 329 fuerint.
1178 295 1360 331 Auctores
1380 301 1477 331 utro—

194 354 267 390 que
287 344 465 381 trahunt:
495 345 620 392 plures
639 351 765 379 tamen
793 344 954 387 invenio,
987 346 1050 392 qui
1084 345 1279 383 Romanos
1303 347 1478 383 Horatios

196 404 331 432 vocent
348 409 356 431 :
401 397 467 433 hos
488 404 527 432 ut
547 408 693 443 sequar,
727 395 885 432 inclinat
918 396 1077 433 animus.
1135 398 1234 434 Cum
1267 399 1479 447 trigeminis

195 455 313 495 agunt
334 461 456 497 reges,
477 456 518 484 ut
536 461 602 496 pro
628 449 693 483 sua
727 447 883 495 quisque
917 449 1032 496 patria
1054 449 1237 486 dimicent
1257 450 1378 486 ferro:
1426 451 1478 487 ibi

194 498 395 547 imperium
417 501 507 547 fore,
529 500 630 536 unde
650 499 806 535 victoria
826 500 948 536 suerit.
1005 501 1111 537 Nihil
1132 510 1328 538 recusatur
1347 515 1354 538 :
1384 510 1479 539 tem·
1507 514 1524 540 5

194 563 264 598 pus
283 559 320 587 et
340 552 444 588 locus
465 552 653 588 convenit.
709 552 930 600 Priusquam
952 553 1190 597 dimicarent,
1220 554 1341 590 foedus
1361 555 1479 591 ictum

195 603 291 639 inter
311 603 507 641 Romanos
526 614 564 640 et
583 604 752 640 Albanos
772 613 828 641 est
844 605 902 640 his
917 604 1077 654 legibus,
1094 614 1147 649 ut,
1165 606 1347 654 cujusque
1364 619 1480 655 popu-

194 654 219 690 li
240 655 342 691 cives
374 669 420 693 eo
452 656 660 693 certamine
690 656 879 702 vicissent,
901 657 932 693 is
965 658 1070 694 alteri
1103 658 1240 707 populo
1273 671 1360 694 cum
1382 659 1480 695 bona

194 719 288 754 pace
322 708 563 756 imperitaret.
621 708 783 745 Foedera
802 709 874 745 alia
900 709 982 745 aliis
1015 710 1174 758 legibus,
1209 709 1386 747 caeterum
1421 724 1481 747 eo-

194 759 282 795 dem
303 761 413 797 modo
432 761 571 803 onmia,
593 761 699 797 fiunt.
757 760 860 796 Tum
882 761 934 796 ita
968 761 1107 798 factum
1142 763 1371 810 accepimus,
1406 776 1479 799 nec
1496 776 1525 801 10

195 811 309 848 ullius
329 813 508 849 vetustior
542 813 693 849 foederis
726 813 907 849 memoria
927 820 993 849 est.
1051 813 1216 850 Fecialis
1236 826 1364 862 regem
1385 814 1480 851 Tul-

194 861 272 899 lum
293 864 345 900 ita
360 865 503 913 rogavit
521 878 528 902 :
559 867 582 886 “
599 865 769 901 Jubesne
786 878 859 910 me,
880 877 957 910 rex,
978 878 1065 902 cum
1086 874 1189 914 patre
1206 874 1350 914 patrato
1366 879 1480 915 popu-

193 915 259 951 “li
281 917 421 953 Albani
443 917 565 953 foedus
585 917 695 953 ferire
713 918 759 952 ’.Ψ
816 917 982 954 Jubente
1002 930 1105 966 rege,
1138 920 1162 940 ‘⁶
1181 918 1404 967 Sagmina,'’
1425 919 1480 955 in-

193 967 285 1015 quit,
307 971 330 990 ‘⁶
348 977 397 1016 te,
418 983 496 1012 rex,
517 970 666 1018 posco.”
724 969 814 1005 Rex
835 970 898 1015 ait,
918 972 941 991 “
960 970 1097 1006 Puram
1117 970 1274 1007 tollito.''
1315 970 1480 1007 Fecialis

193 1032 241 1056 cx
260 1033 347 1058 arce
367 1022 548 1069 graminis
569 1022 723 1058 herbam
743 1034 875 1070 puram
896 1022 1042 1058 attulit:
1071 1030 1201 1070 postea
1216 1035 1343 1071 regem
1358 1023 1408 1059 ita
1424 1036 1480 1060 ro·
1495 1037 1524 1062 15

193 1073 294 1120 gavit
312 1086 319 1110 :
349 1077 371 1095 “
393 1074 490 1117 Rex,
512 1073 656 1110 facisne
676 1086 736 1109 me
755 1081 794 1109 tu
812 1074 957 1122 regium
974 1075 1147 1110 nuntium
1165 1076 1291 1123 populi
1313 1075 1479 1112 Romani

194 1125 218 1145 “
234 1124 476 1164 Quiritium?
518 1139 617 1171 vasa,
652 1126 883 1173 comitesque
917 1127 1086 1162 meos?'’
1144 1127 1232 1164 Rex
1261 1127 1474 1175 respondit:

194 1178 218 1199 ‘⁶
234 1176 350 1216 Quod
372 1178 453 1214 sine
475 1178 604 1214 fraude
625 1180 708 1214 mea
741 1178 942 1226 populique
976 1179 1142 1215 Romani
1171 1179 1381 1218 Quiritium
1403 1179 1478 1226 fiat,

194 1230 219 1250 “
237 1229 373 1266 faeio.²’
431 1230 596 1266 Fecialis
615 1238 695 1266 erat
714 1230 768 1266 M.
791 1230 965 1267 Valerius
982 1244 990 1266 :
1037 1238 1182 1280 patrem
1202 1239 1389 1280 patratum
1411 1232 1476 1280 Sp.

194 1281 352 1318 Fusium
388 1282 488 1328 fecit,
522 1283 684 1318 verbena
719 1290 832 1331 caput
868 1283 1096 1331 capillosque
1129 1291 1300 1332 tangens.
1368 1283 1478 1320 Pater
1492 1297 1525 1322 20

193 1341 360 1382 patratus
380 1335 426 1371 ad
443 1335 707 1384 jusjurandum
727 1335 966 1383 patrandum,
1001 1335 1039 1371 id
1064 1342 1133 1378 est,
1168 1335 1418 1371 sanciendum
1438 1335 1480 1372 fit

195 1385 341 1432 foedus3
385 1387 584 1435 multisque
605 1387 642 1423 id
663 1387 797 1430 verbis,
818 1399 900 1435 quae
929 1387 1042 1436 longo
1075 1387 1187 1423 effata
1215 1387 1384 1424 carmine
1404 1400 1479 1425 non

193 1450 317 1486 operae
337 1447 394 1476 est
413 1439 564 1481 referre,
585 1439 742 1488 peragit.
800 1439 968 1488 Legibus
988 1439 1126 1476 deinde
1146 1439 1327 1486 recitatis,
1358 1441 1383 1462 “
1400 1440 1480 1476 Au-

194 1492 219 1512 “
236 1491 314 1538 di,²’
335 1492 468 1540 inquit,
502 1494 526 1513 ‘⁴
543 1491 690 1540 Jupiter
707 1505 715 1536 3
756 1492 858 1537 audi,
878 1499 982 1539 pater
1003 1499 1145 1539 patrate
1164 1492 1290 1540 populi
1311 1492 1452 1528 Albani
1469 1505 1478 1537 ;

194 1544 218 1565 “
235 1544 323 1580 audi
344 1552 396 1587 tu,
417 1544 576 1592 populus
597 1543 792 1588 Albanus3
814 1550 854 1579 ut
870 1543 932 1580 illa
951 1543 1075 1592 palam
1095 1543 1215 1592 prima
1230 1551 1418 1592 postrema
1432 1556 1479 1580 ex
1492 1558 1525 1583 25

194 1597 218 1618 “
235 1596 308 1632 illis
327 1596 464 1632 tabulis
483 1596 618 1632 cerave
639 1596 795 1632 recitata
814 1603 914 1639 sunt,
945 1596 1028 1632 sine
1048 1595 1134 1632 dolo
1153 1595 1264 1638 malo,
1285 1594 1415 1644 utique
1434 1608 1481 1632 ea

195 1650 219 1671 ‘⁴
237 1649 300 1685 hic
320 1649 431 1685 hodie
451 1648 663 1684 rectissime
697 1647 890 1684 intellecta
922 1655 1022 1694 sunt,
1056 1647 1128 1684 illis
1153 1647 1302 1696 legibus
1320 1647 1480 1696 populus

194 1701 219 1722 “
236 1701 436 1737 Romanus
471 1701 570 1749 prior
610 1713 686 1736 non
720 1700 884 1736 deficiet.
954 1700 995 1736 Si
1027 1700 1126 1748 prior
1155 1699 1296 1736 defexit
1328 1700 1481 1748 publico

195 1755 218 1775 “
236 1753 405 1798 consilio,
426 1753 511 1789 dolo
531 1752 655 1797 malog
693 1760 733 1788 tu
753 1752 815 1789 illo
835 1752 909 1795 die,
944 1751 1105 1800 Jupiter,
1139 1752 1318 1800 populum
1339 1752 1480 1789 Roma-

195 1807 219 1828 “
236 1818 327 1842 num
360 1805 416 1841 sic
450 1805 570 1851 ferito,
604 1812 645 1841 ut
677 1817 748 1853 ego
782 1805 885 1840 hunc
918 1817 1074 1853 porcum
1105 1804 1169 1840 hic
1191 1804 1300 1841 hodie
1322 1804 1450 1841 seriam
1469 1817 1525 1843 :30

195 1860 219 1881 “
236 1858 414 1904 tantoque
434 1857 555 1906 magis
576 1857 696 1900 ferito,
717 1855 857 1904 quanto
879 1857 999 1907 magis
1018 1863 1124 1905 potes
1143 1856 1374 1904 pollesque.''
1433 1856 1478 1893 Id

195 1910 260 1948 ubi
281 1910 386 1952 dixit,
407 1921 563 1958 porcum
584 1921 673 1945 saxo
692 1909 798 1945 silice
818 1908 1015 1956 percussit.
1073 1909 1152 1944 Sua
1185 1908 1274 1944 item
1308 1908 1479 1945 carmina

196 1961 337 2000 Albani
357 1973 540 2009 suumque
557 1960 822 2010 jusjurandum
853 1973 919 2009 per
945 1972 1056 1996 suum
1075 1960 1296 1997 dictatorem
1317 1973 1478 2009 suosque

196 2014 412 2052 sacerdotes
431 2020 671 2063 peregerunt.

248 2119 378 2156 XXV.
425 2118 587 2155 Foedere
620 2118 708 2165 icto,
729 2117 934 2167 trigemini,
968 2117 1067 2154 sicut
1099 2125 1342 2164 convenerat,
1376 2130 1479 2154 arma
1493 2133 1526 2158 35

199 2172 365 2221 capiunt.
420 2171 555 2210 Quum
575 2171 632 2208 sui
653 2179 826 2220 utrosque
847 2170 1146 2213 adhortarentur,
1167 2172 1192 2192 “
1209 2169 1311 2206 Deos
1327 2170 1477 2218 patrios,

197 2226 222 2247 “
239 2224 409 2273 patriam,
431 2236 476 2259 ac
495 2230 682 2272 parentes,
717 2222 897 2271 quidquid
918 2222 1057 2258 civium
1090 2222 1205 2268 domi,
1238 2222 1419 2270 quidquid
1440 2222 1478 2258 in

196 2276 407 2312 “exercitu
427 2276 487 2321 sit,
509 2275 654 2311 illorum
674 2282 766 2311 tunc
786 2287 901 2320 arma,
936 2274 1082 2310 illorum
1117 2274 1254 2310 intueri
1282 2287 1416 2311 manus
1432 2287 1441 2319 ;
1456 2273 1479 2290 '’

199 2328 342 2366 feroces
362 2335 399 2363 et
418 2334 548 2376 suopte
569 2327 734 2376 ingenio,
764 2333 802 2363 et
833 2326 934 2375 pleni
955 2326 1232 2362 adhortantium
1252 2326 1420 2369 vocibus,
1441 2326 1479 2362 in

198 2380 364 2418 medium
387 2380 482 2415 inter
502 2379 595 2415 duas
616 2379 718 2415 acies
736 2379 957 2427 procedunt.
1014 2378 1277 2414 Consederant
1294 2378 1478 2425 utrimque
1493 2394 1524 2419 40

199 2445 267 2482 pro
286 2432 418 2468 eastris
437 2432 511 2468 duo
544 2431 748 2474 exercitus,
783 2430 940 2479 periculi
973 2431 1093 2479 magis
1126 2430 1332 2479 praesentis,
1366 2432 1477 2478 quam

198 2497 311 2528 curte,
345 2491 542 2533 expertes:
584 2483 720 2531 quippe
754 2483 950 2531 imperium
983 2483 1176 2531 agebatur,
1210 2483 1248 2519 in
1281 2492 1355 2519 tam
1389 2493 1479 2530 pau-
