1617 2765
128 152 179 190 44
660 151 750 181 TITI
775 150 883 181 LlVII

129 245 297 293 quietum
318 245 484 282 animum
506 245 733 282 stimulante.
790 245 898 281 Tulit
917 244 1018 281 enim
1038 252 1075 281 et
1108 244 1283 281 Romana
1303 245 1406 294 regia

130 297 284 334 sceleris
303 298 436 346 tragici
457 298 684 345 exemplum,
708 304 746 333 ut
776 297 886 333 taedio
916 309 1045 346 regum
1068 298 1245 332 maturior
1261 297 1406 333 veniret

130 349 306 392 libertas;
354 350 600 397 ultimumque
635 362 792 397 regnum
825 356 934 393 esset,
965 349 1063 396 quod
1097 349 1238 384 scelere
1259 356 1406 396 parturn

131 401 235 437 foret.
293 401 368 437 Hic
389 401 432 437 L.
453 401 686 448 Tarquinius
716 400 855 450 (Prisci
875 400 1075 449 Tarquinii
1108 401 1207 450 regis
1228 400 1324 436 filius
1345 413 1408 436 ne·

129 465 246 501 posne
281 453 401 497 suerit,
440 465 570 501 parum
609 453 748 501 liquet;
809 452 977 501 pluribus
1014 460 1140 488 tamen
1178 453 1406 499 auctoribus,
1436 462 1452 486 5

131 504 247 541 fllium
284 504 487 556 ediderim)
533 505 682 541 fratrem
717 505 897 541 habuerat
925 505 1112 541 Aruntem
1142 504 1406 552 Tarquinium,

131 557 231 593 mitis
265 557 408 604 ingenii
442 557 631 605 juvenem.
708 557 778 593 His
811 557 968 598 duobus,
985 568 1025 593 ut
1053 555 1138 592 ante
1166 556 1309 592 dictum
1338 563 1407 599 est,

130 609 214 644 duae
235 608 386 653 Tulliae,
406 609 505 656 regis
534 609 631 652 filiae,
662 616 880 657 nupserant,
910 616 948 645 et
980 609 1068 657 ipsae
1098 608 1207 656 louge
1242 609 1409 656 dispares

131 660 308 697 moribus.
366 660 478 696 Forte
499 661 549 696 ita
570 661 767 704 inciderat,
789 673 837 696 ne
871 661 946 697 duo
979 661 1141 696 violenta
1161 660 1314 708 ingenia
1333 672 1409 696 ma-

130 713 306 748 trimonio
331 712 595 761 jungerentur,
629 713 789 755 fortuna,
819 713 946 756 credo,
979 712 1105 760 populi
1140 712 1315 758 Romani,
1335 710 1408 759 qud
1423 720 1452 745 10

131 764 346 800 diuturnius
366 764 485 800 Servii
512 777 670 812 regnum
691 772 802 809 esset,
836 764 1087 811 constituique
1107 763 1268 799 civitatis
1289 776 1409 799 mores

130 822 293 863 possent.
352 816 574 863 Angebatur
595 816 697 852 ferox
716 816 857 861 Tullia,
887 815 979 851 nihil
1006 815 1170 851 materiae
1191 815 1228 850 in
1250 815 1326 851 viro
1346 827 1410 851 ne-

130 879 202 915 que
223 867 269 902 ad
289 868 533 916 cupiditatem
547 880 669 916 neque
690 868 736 903 ad
753 868 949 904 audaciam
970 880 1075 911 esse3
1106 874 1182 903 tota
1198 867 1234 903 in
1252 867 1409 904 alterum

131 931 237 955 versa
257 919 520 967 Tarquinium,
541 933 627 956 eum
644 920 780 963 mirari,
810 932 897 956 eum
927 920 1047 955 virum
1080 919 1220 962 dicere,
1241 932 1286 955 ac
1306 919 1410 968 regio

131 971 315 1019 sanguine
327 979 471 1008 ortum:
492 985 668 1020 spernere
685 985 859 1016 sororem,
873 970 986 1020 quod,
1001 972 1118 1007 virum
1134 978 1256 1016 nacta,
1278 971 1409 1007 mulie·
1424 979 1453 1003 15

134 1023 188 1058 bri
202 1031 366 1059 cessaret
378 1024 547 1060 audacia.
579 1024 777 1060 Contrahit
790 1024 961 1060 celeriter
974 1023 1178 1059 similitudo
1190 1036 1265 1067 eOS,
1280 1031 1320 1059 ut
1333 1022 1407 1059 fere

133 1075 186 1120 fit,
208 1075 346 1111 malum
375 1076 471 1112 malo
491 1076 723 1124 aptissimum
743 1089 751 1112 ε
793 1077 859 1112 sed
880 1076 1027 1112 initium
1047 1075 1221 1111 turbandi
1242 1075 1369 1111 onmia
1388 1087 1410 1111 a

133 1127 283 1162 soeminfi
314 1134 435 1164 ortum
470 1135 536 1164 est.
594 1128 662 1173 Ea,
689 1128 845 1164 secretis
873 1128 939 1164 viri
961 1127 1073 1164 alieni
1094 1127 1306 1163 assuefacta
1335 1140 1409 1163 ser-

133 1179 319 1224 monibus,
341 1180 452 1215 nullis
481 1180 677 1216 verborum
711 1180 950 1216 contumeliis
979 1192 1146 1228 parcere,
1181 1179 1227 1215 de
1257 1180 1333 1215 viro
1362 1179 1408 1215 ad

134 1230 296 1273 fratrem,
318 1231 364 1266 de
385 1244 508 1267 sorore
529 1232 575 1268 ad
596 1232 736 1276 virum3
779 1240 816 1268 et
835 1245 874 1268 se
895 1231 1032 1268 rectids
1059 1231 1222 1277 viduam,
1247 1239 1284 1267 et
1305 1231 1407 1267 illurn
1421 1237 1453 1262 ἑο

132 1282 305 1318 coelibem
327 1282 491 1319 futurum
513 1283 627 1320 fuisse
658 1285 901 1329 contendere,
930 1284 1041 1332 quam
1062 1296 1149 1319 cum
1177 1283 1307 1331 impari
1325 1283 1410 1331 jun-

131 1334 182 1382 gi,
204 1342 242 1370 ut
262 1335 610 1383 elanguescendum
641 1336 762 1372 aliena
797 1336 943 1385 ignavia
977 1343 1086 1371 esset.
1144 1335 1184 1371 Si
1217 1336 1288 1371 sibi
1307 1348 1407 1377 eum,

131 1398 204 1433 quo
224 1387 338 1435 digna
370 1396 481 1433 esset,
515 1388 578 1424 Dii
609 1370 831 1424 dedissent
833 1388 966 1429 virum,
996 1388 1096 1423 domi
1125 1400 1164 1423 se
1192 1387 1409 1436 propediem

133 1438 294 1474 visuram
316 1452 475 1488 regnum
496 1440 621 1485 fuisse,
643 1441 741 1498 quod
762 1441 859 1488 apud
881 1448 1022 1488 patrem
1043 1452 1074 1474 v.
1081 1440 1177 1475 (leat.
1227 1439 1410 1476 Celeriter

132 1490 412 1527 adolescentem
432 1504 508 1527 suae
530 1493 749 1528 temeritatis
769 1493 908 1541 implet.
967 1493 1096 1527 Aruns
1121 1491 1157 1527 'I
1161 1491 1354 1539 arquinius
1373 1498 1410 1527 et
1422 1497 1455 1522 ⁰5

133 1540 263 1577 Tullia
301 1543 421 1579 minor
459 1556 570 1592 prope
610 1544 838 1580 continuatis
881 1543 1077 1579 funeribus
1118 1556 1232 1590 quum
1280 1544 1410 1579 domos

133 1605 270 1630 vacuas
290 1607 385 1631 novo
405 1596 642 1632 matrimonio
663 1596 854 1638 fecissent,
885 1596 1096 1644 junguntur
1116 1595 1268 1643 nuptiis,
1292 1594 1410 1644 magis

133 1656 208 1681 non
228 1647 448 1694 prohibente
469 1648 610 1693 Servio,
632 1661 742 1696 quam
763 1649 1003 1697 approbante.

186 1749 351 1788 XLVII.
399 1751 502 1788 Tum
522 1751 608 1788 vero
630 1752 667 1788 in
687 1753 767 1789 dies
788 1752 955 1789 infestior
985 1752 1103 1788 Tullii
1123 1757 1326 1797 senectus,
1357 1751 1411 1788 in-

133 1800 263 1838 festius
283 1804 396 1852 coepit
424 1817 583 1853 regnum
603 1817 711 1841 esse:
750 1805 825 1853 jam
847 1805 948 1841 enim
979 1805 1025 1840 ab
1053 1805 1195 1841 scelere
1225 1805 1270 1840 ad
1309 1804 1455 1840 aliud30

133 1862 303 1900 spectare
325 1856 456 1892 mulier
477 1857 624 1901 scelus;
670 1870 743 1893 nec
764 1864 887 1899 nocte,
909 1869 980 1892 nec
1001 1857 1163 1892 interdiu
1183 1857 1299 1892 virum
1321 1869 1410 1892 con-

132 1905 327 1952 quiescere
364 1908 452 1955 pati,
495 1920 543 1944 ne
589 1909 752 1957 gratuita
796 1909 982 1956 praeterita
1027 1908 1227 1956 parricidia
1271 1915 1409 1945 essent.

132 1958 156 1978 “
172 1957 261 1994 Non
281 1959 350 2003 sibi
372 1959 550 2005 defuisse,
571 1960 632 1996 cui
652 1967 768 2018 nupta
787 1960 985 2003 diceretur,
1019 1972 1091 1996 nec
1121 1972 1206 1996 c-um
1227 1973 1299 2008 quo
1319 1960 1410 1996 tici-

133 2010 210 2046 “ta
230 2011 404 2047 serviret:
444 2012 620 2053 defuisse,
642 2012 702 2059 qui
724 2025 762 2047 se
795 2024 912 2059 regno
945 2012 1101 2057 ἀίσηυῐη
1132 2019 1303 2060 putaret:
1346 2012 1439 2060 qui·-

134 2063 420 2110 “meminisset
440 2076 479 2099 se
499 2076 580 2100 esse
610 2064 727 2099 Prisci
761 2063 960 2111 Tarquinii
983 2064 1126 2108 filium3
1165 2064 1232 2122 qui.
1259 2064 1437 2110 haberes

133 2114 284 2162 “quam
317 2128 480 2163 sperare,
513 2128 671 2164 regnum
703 2115 839 2151 mallet.
897 2115 937 2151 Si
971 2123 1009 2152 tu
1040 2116 1069 2152 is
1088 2128 1141 2158 es,
1172 2116 1233 2151 cui
1256 2123 1437 2163 nuptam·

135 2167 258 2201 “esse
279 2179 338 2202 me
359 2168 527 2214 arbitror,
547 2177 585 2204 et
603 2168 721 2203 virum
751 2175 789 2204 et
822 2179 947 2216 regern
978 2168 1147 2216 appello.
1189 2168 1245 2203 sin
1268 2169 1455 2213 ῐι]ἰηὺ5,;,

135 2218 220 2253 “eo
252 2230 354 2254 nunc
387 2219 498 2267 pejsss
531 2226 671 2255 mutata
699 2227 755 2256 est
786 2201 986 2267 reS‚0q11C›d
1017 2220 1101 2256 istic
1138 2232 1224 2255 cum
1262 2220 1455 2268 ig.iavia;-
1431 2214 1454 2241 Ξ

135 2272 159 2292 “
175 2276 232 2306 est
259 2270 394 2306 scelus.
449 2271 557 2309 Quin
579 2271 790 2320 accingeris
807 2272 820 2306 'l
860 2271 947 2307 Non
969 2271 1034 2307 tibi
1056 2272 1102 2307 ab
1121 2271 1316 2314 Corintho,
1338 2284 1410 2308 nec

135 2322 225 2358 “ab
259 2321 567 2370 Tarquiniisssut
597 2323 689 2371 patri
722 2330 798 2365 tuo,
828 2324 1027 2371 peregrina
1056 2336 1172 2372 regna
1205 2324 1325 2360 moliri
1345 2337 1454 2363 nti-40

135 2377 281 2411 “cesse
301 2381 368 2410 est.
425 2374 488 2410 Dii
517 2382 553 2410 te
584 2375 745 2411 Penates
776 2375 970 2423 patriique,
1004 2383 1040 2411 et
1069 2376 1182 2423 patris
1217 2388 1352 2424 image,
1373 2381 1410 2412 et

135 2427 309 2463 “domus
337 2426 453 2475 regia,
482 2434 518 2462 et
549 2427 585 2463 in
619 2427 729 2463 domo
758 2427 882 2476 regale
913 2427 1059 2471 solium,
1093 2435 1130 2464 et
1159 2441 1295 2464 nomen
1316 2427 1411 2464 Tar-

1430 2159 1448 2186 ‘2
1430 2117 1446 2144 ·v
1431 2040 1455 2079 mg}
1385 1935 1456 2028 awti]
