1626 2753
127 164 155 202 2
512 163 714 195 EPITOME
739 163 862 194 LIBRI
887 163 1029 194 PRIMI.

129 256 215 288 fecit.
261 265 316 287 xx..
333 255 469 286 Occisus
480 256 575 286 estab
588 257 668 286 Anci
681 256 751 287 filiis
738 273 762 294 ‚
775 267 871 296 quum
890 253 1053 294 regnasset
1069 266 1169 286 annos
1181 256 1306 305 triginta
1322 260 1407 288 octo.

130 308 201 329 xm.
222 297 385 328 Successit
400 298 428 327 ei
447 297 513 327 Ser.
531 298 664 333 Tullius,
680 303 771 328 natus
788 308 828 328 ex
845 295 972 336 captiva
993 299 1088 327 nobili
1101 295 1332 336 Corniculana,
1356 299 1408 329 cui

130 348 238 378 puero,
255 339 380 369 adhuc
375 349 404 369 in
417 339 506 369 cunis
523 339 637 377 posito,
650 343 744 376 caput
760 340 869 368 arsisse
883 340 1027 368 traditum
1039 339 1407 370 est.x1.11.x1.111.Ve-

124 382 232 421 jentes
248 384 341 419 atque
355 380 505 410 Etruscos
518 380 626 419 proelio
638 380 725 409 fudit.
771 380 910 409 Censurn
923 380 1039 418 primus
1052 381 1126 420 egit.
1171 380 1320 411 Lustrum
1331 390 1407 410 con-

131 422 219 460 didit,
231 431 293 461 quo
304 422 420 451 civium
433 422 533 460 capita
542 431 637 450 censa
651 421 812 460 octoginta
823 421 917 450 millia
929 430 999 450 esse
1013 422 1168 451 dicuntur.
1195 421 1320 451 Classes
1332 431 1407 452 cen-

130 464 287 502 turiasque
303 463 477 501 descripsit.
515 471 609 492 xLiv.
627 462 818 492 Pomoerium
833 463 967 500 protulit.
994 462 1100 492 Colles
1112 462 1189 497 urbi,
1202 462 1408 498 Quirinalem,

130 505 333 540 viminalem,
346 505 608 543 Esquilinumque
620 503 744 542 adjecit.
762 513 843 533 xnv.
856 503 1025 542 Templum
1036 503 1147 533 Dianae
1160 513 1232 533 cum
1245 503 1364 533 Latinis
1376 505 1408 534 in

129 547 289 576 Aventino
306 545 391 576 fecit.
446 555 558 575 vau.
575 554 706 574 xLV111.
742 544 932 575 Interfectus
959 549 1008 575 est
1024 554 1040 574 a
1057 545 1094 575 L.
1111 545 1292 583 Tarquinio,
1310 546 1408 575 Prisci

131 586 206 624 filio,
218 588 348 618 consilio
362 586 508 616 filiaesuae
522 586 644 621 Tulliae,
655 596 751 625 quum
766 583 929 627 regnasset
942 596 1040 616 annos
1052 587 1254 625 quadraginta
1267 591 1407 624 quatuor.

129 638 225 659 xmx.
241 630 315 659 Post
328 629 413 658 hunc
425 628 655 666 L.Tarquinius
670 628 842 666 Superbus,
854 637 957 666 neque
971 628 1097 657 Patrurn
1111 637 1216 666 neque
1227 628 1407 667 populijus-

130 680 178 705 su,
193 680 322 710 regnum
335 670 467 707 invasit3
485 679 547 708 quo
561 670 610 698 die
622 670 774 699 scelerata
784 669 886 699 Tullia
897 679 951 708 per
963 669 1202 708 patrisjacentis
1215 679 1327 708 corpus
1341 679 1406 699 car·

130 717 261 749 pentum
279 711 354 749 egit.
399 713 542 741 Armatos
559 711 641 740 circa
654 721 688 740 se
702 711 738 740 ad
751 711 926 740 custodiam
940 711 1077 748 corporis
1087 711 1134 740 sui
1150 710 1270 740 habuit.
1308 720 1339 740 L.
1358 720 1406 740 m.

130 753 270 783 Turnum
286 753 484 782 Herdonium
501 751 606 781 fraude
619 752 787 781 interemit.
821 761 903 781 Lux.
921 752 1047 781 Bellum
1061 761 1133 781 cum
1146 751 1272 781 Volscis
1288 753 1407 790 gessit,

131 803 187 823 ιν.
213 795 254 824 Et
271 803 311 823 ex
324 803 431 823 eorum
449 790 555 832 praedft
571 793 724 831 templum
737 792 809 822 Jovi
825 793 857 822 in
885 792 1041 831 Capitolio
1065 792 1149 822 fecit.
1194 793 1361 823 Terminus
1377 802 1408 824 et

129 835 283 865 Juvcntns
300 844 363 864 non
380 833 528 864 addixere
543 845 551 871 3
575 843 707 873 quorum
724 843 782 863 arae
801 834 919 864 moveri
936 843 998 863 non
1011 837 1192 872 potuerunt.
1245 844 1319 864 Lrv.
1338 835 1409 865 Filii

135 877 224 906 Sexti
236 876 395 915 Tarquinii
409 876 480 905 dolo
493 876 626 910 Gabios,
639 876 670 904 in
684 879 874 913 potestatem
887 885 974 905 suarn
989 876 1108 915 redigit.
1132 884 1206 905 nvn
1219 875 1324 914 Hujus
1338 875 1409 906 filiis

131 918 274 956 Delphos
291 917 451 956 profectis,
467 922 499 948 et
515 917 765 952 consulentibus,
782 917 852 955 quis
867 926 975 947 eorum
993 917 1175 957 regnaturus
1188 923 1272 946 esset
1286 917 1408 954 Romae,

131 960 250 989 dictum
267 964 326 995 est,
343 969 416 989 eum
433 964 645 999 regnaturum,
662 959 713 997 qui
731 959 847 997 primus
863 963 994 988 matrem
1012 958 1172 988 osculatus
1185 962 1277 988 esset.
1315 959 1409 994 Quod

132 1011 316 1039 responsum
334 1010 429 1039 quum
449 1001 507 1039 ipsi
523 1001 612 1030 aliter
627 1001 912 1039 interpretarentur,
934 999 1048 1029 Junius
1065 999 1192 1035 Brutus,
1215 1001 1267 1038 qui
1283 1010 1356 1030 cum
1373 1001 1410 1031 iis

132 1042 290 1081 profectus
306 1046 382 1077 erat,
399 1042 576 1080 prolapsum
593 1051 627 1071 se
654 1041 824 1076 simulavit,
851 1045 884 1071 et
911 1045 1021 1071 terram
1047 1041 1206 1070 osculatus
1222 1045 1289 1071 est:
1314 1043 1409 1080 idque

132 1083 247 1114 facturn
265 1085 333 1123 ejus
350 1087 484 1113 eventus
501 1084 542 1113 rei
560 1082 786 1122 comprobavit.
817 1083 901 1113 Nam
917 1092 1026 1122 quum,
1042 1082 1232 1121 impotenter
1247 1092 1281 1112 se
1297 1092 1408 1122 geren-

133 1126 185 1161 do,
199 1125 386 1163 Tarquinius
404 1124 563 1163 Superbus
588 1134 699 1154 omnes
725 1124 758 1153 in
774 1125 880 1153 odium
897 1125 944 1154 sui
960 1124 1164 1161 adduxisset;
1199 1125 1236 1154 ad
1253 1124 1410 1160 ultimum,

132 1172 256 1206 propter
272 1170 484 1206 expugnatam
509 1163 666 1196 nocturna
692 1166 722 1195 vi
739 1175 756 1194 a
774 1165 872 1195 Sexto
891 1164 955 1195 filio
972 1165 1040 1205 ejus
1053 1165 1210 1195 Lucretiae
1227 1166 1410 1204 pudicitiam

135 1209 230 1248 (quae,
246 1212 360 1238 vocato
378 1212 463 1246 patre
479 1209 516 1237 ad
531 1217 565 1237 se
580 1207 764 1246 Tricipitino
777 1211 810 1237 et
822 1207 884 1236 vino
899 1207 1068 1242 Collatino,
1081 1207 1246 1243 obtestata,
1259 1216 1299 1236 ne
1312 1207 1411 1237 inulta

132 1260 214 1280 mors
231 1250 299 1290 ejus
318 1253 415 1284 esset,
432 1249 530 1279 cultro
547 1258 581 1278 se
599 1249 788 1287 interemit),
833 1258 904 1278 mx.
928 1248 1015 1278 Bruti
1032 1258 1128 1287 opera
1145 1245 1281 1278 maxime
1299 1249 1409 1287 expul-

132 1301 185 1321 sus
197 1297 256 1326 est,
273 1300 369 1329 quum
386 1287 551 1331 regnasset
566 1300 665 1320 annos
681 1290 791 1330 viginti
809 1290 958 1328 quinque.
1003 1299 1060 1319 Lx.
1083 1290 1174 1319 Tunc
1191 1290 1339 1319 consules
1351 1291 1410 1328 pri-

133 1331 220 1362 mum
239 1333 420 1362 creatisunt
436 1332 472 1362 L.
488 1332 603 1362 Junius
631 1331 744 1362 Brutus
771 1335 804 1362 et
819 1331 857 1361 L.
874 1331 1061 1371 Tarquinius
1078 1331 1264 1362 Collatinus.
1310 1331 1361 1370 [υ.
1379 1340 1410 1363 c.

135 1377 150 1406 l
162 1392 203 1397 —
215 1376 286 1405 245.
330 1382 367 1404 A.
384 1382 415 1404 c.
432 1375 491 1404 751
505 1374 643 1413 —507.]
