1617 2765
624 194 765 226 LIBER
788 193 849 224 IX.
895 202 975 224 cAP.
994 203 1043 224 xx.
1401 195 1475 232 155

191 291 357 341 “pulum
379 297 515 328 teneat.
587 289 665 332 An,
695 289 725 325 si
755 288 889 325 eadem
911 287 1100 337 superbia,
1131 288 1204 336 qua
1234 289 1474 336 sponsionem

192 347 217 367 ‘⁶
230 345 337 381 istam
358 348 623 391 expresserunt
642 341 751 378 nobis
781 340 985 387 Samnites,
1015 340 1232 389 coegissent
1262 353 1330 377 nos
1363 342 1476 379 verba

192 395 399 445 “legitima
428 394 649 430 dedentium
685 394 796 429 urbes
828 405 1063 441 nuncupare,
1094 393 1263 429 deditum
1297 394 1474 442 populum

192 448 448 484 “Romanum
470 459 534 483 vos
553 445 695 483 tribuni
725 446 917 491 diceretis,
952 452 989 481 et
1010 445 1110 481 hanc
1144 445 1289 492 urbem,
1324 446 1476 494 templa,

163 503 217 531 5“
230 499 398 546 delubra,
427 499 535 545 fines,
565 511 693 546 aquas,
724 497 952 534 Samnitium
973 499 1086 533 esse?
1145 497 1290 534 Omitto
1321 497 1478 535 deditio-

148 767 177 792 10

145 1026 178 1052 15

144 2076 176 2102 35

143 2337 176 2362 40

192 555 216 574 “
232 564 333 594 nem,
354 551 530 599 quoniam
550 551 597 587 de
617 550 818 599 sponsione
839 550 961 598 agitur
979 562 987 586 :
1030 549 1119 597 quid
1153 550 1320 597 tandem,
1347 549 1377 587 si
1396 563 1478 599 spo-

191 603 505 652 “pondissenius,
545 603 675 640 urbem
723 603 822 639 hano
863 602 1082 639 relicturum
1124 602 1303 651 populum
1335 602 1475 640 Roma·

191 659 216 679 “
228 669 318 692 num
338 657 352 691 'l
382 656 413 692 si
435 656 678 692 incensurum
696 656 711 691 C!
739 655 769 691 si
787 655 1039 703 magistratus,
1060 655 1090 691 si
1111 662 1297 698 senatum,
1317 655 1348 692 si
1374 655 1478 704 leges

191 711 215 731 “
229 721 306 745 non
327 708 571 744 habiturum?
602 708 633 744 si
654 708 723 744 sub
743 707 896 756 regibus
917 707 1083 743 futurum
1101 709 1115 743 ¹!
1163 707 1251 744 <Dii
1272 708 1428 745 meliora
1446 707 1452 744 !
1469 710 1476 723 '

191 764 215 784 ‘⁶
229 761 378 808 inquis:
426 760 526 808 atqui
557 773 632 797 non
663 760 868 809 indignitas
887 772 1011 796 rerum
1041 759 1254 808 sponsionis
1283 760 1477 797 vinculum

191 813 336 849 “levat.
394 813 435 849 Si
456 812 545 861 quid
565 822 634 856 est,
656 812 693 848 in
714 825 787 860 quo
806 812 963 861 obligari
990 812 1149 861 populus
1181 812 1308 861 possit,
1344 813 1380 849 in
1401 826 1479 850 om-

191 865 294 901 “nia
321 872 469 914 potest:
516 872 554 902 et
586 878 634 901 ne
666 864 755 901 illud
790 865 956 912 quidem,
986 865 1083 913 quod
1113 865 1292 913 quosdam
1324 865 1477 902 forsitan

192 920 216 940 “
230 925 389 961 moveat,
410 917 534 960 refert,
553 917 699 963 consul,
721 930 768 952 an
789 917 962 963 dictator,
993 930 1039 953 an
1061 925 1194 966 praetor
1223 918 1476 966 spoponderit.

191 972 216 992 “
231 969 279 1005 Et
301 969 372 1005 hoc
393 969 462 1017 ipsi
482 969 594 1005 etiam
618 969 808 1005 Samnites
834 969 1114 1017 judicaverunt,
1148 970 1283 1017 quibus
1313 983 1388 1006 non
1410 971 1479 1007 fuit

190 1024 215 1044 “
229 1021 319 1057 satis
340 1021 515 1057 consules
534 1021 718 1069 spondere
736 1033 744 1065 3
785 1021 849 1056 sed
884 1020 1040 1069 legatos,
1071 1029 1286 1069 quaestores,
1309 1023 1478 1059 tribunos

190 1073 400 1118 “militum,
421 1074 606 1122 spondere
626 1077 845 1122 coegerunt.
902 1073 988 1109 Nec
1008 1086 1029 1109 a
1054 1086 1113 1110 me
1147 1087 1251 1110 nunc
1281 1075 1475 1123 quisquam

190 1125 452 1174 “quaesiverit,
472 1126 560 1174 quid
583 1126 634 1162 ita
653 1125 918 1174 spoponderim
937 1127 951 1161 ’ἔ
998 1139 1113 1174 quum
1148 1127 1185 1163 id
1217 1140 1289 1163 nec
1310 1128 1478 1164 consulis

190 1178 287 1226 “jus
306 1185 428 1222 esset3
477 1191 549 1214 nec
580 1178 652 1214 illis
681 1178 866 1227 spondere
899 1191 1047 1226 pacem,
1078 1192 1160 1227 quae
1190 1179 1264 1216 mei
1294 1193 1370 1216 non
1399 1190 1479 1218 erat

191 1230 384 1276 “arbitrii‚
414 1243 486 1266 nec
514 1243 580 1278 pro
608 1230 727 1277 vobis,
769 1230 833 1279 qui
876 1231 968 1267 nihil
999 1232 1286 1277 mandaveratis,
1316 1245 1476 1281 possem.

192 1286 215 1306 “
231 1282 336 1318 Nihil
366 1283 412 1318 ad
442 1283 644 1329 Caudium,
681 1283 810 1319 Patres
849 1284 1065 1332 conscripti,
1106 1284 1282 1321 humanis
1311 1285 1478 1322 consiliis

191 1338 376 1383 “gestum
397 1342 465 1371 est.
521 1334 585 1372 Dii
608 1336 837 1372 immortales
857 1343 894 1372 et
913 1336 1045 1372 vestris
1077 1343 1115 1373 et
1135 1337 1298 1374 hostium
1320 1338 1479 1386 impera-

191 1388 375 1424 “toribus
404 1395 569 1424 mentem
594 1388 842 1424 ademerunt:
883 1401 955 1424 nec
988 1401 1056 1425 nos
1086 1389 1123 1425 in
1154 1390 1251 1426 bello
1271 1390 1360 1426 satis
1381 1391 1479 1427 cavi-

190 1442 216 1463 ‘2
230 1452 314 1476 mus
333 1453 343 1483 ς
374 1447 412 1476 et
427 1440 479 1476 illi
500 1440 596 1476 male
619 1447 761 1488 partam
782 1440 975 1477 victoriam
991 1441 1088 1477 male
1110 1442 1367 1490 perdiderunt,
1387 1442 1477 1479 dum

190 1492 288 1528 “vix
308 1492 412 1538 locis,
433 1492 571 1541 quibus
591 1493 769 1537 vicerant,
805 1494 978 1536 credunt,
1014 1494 1103 1530 dum
1130 1494 1369 1543 quacumque
1391 1509 1479 1532 con-

191 1544 370 1581 “ditione
391 1557 495 1581 arma
521 1545 608 1581 viris
639 1545 676 1581 in
708 1557 812 1581 arma
845 1546 943 1582 natis
974 1546 1121 1583 auferre
1151 1546 1342 1584 festinant.
1400 1548 1477 1595 An,

190 1596 258 1632 “si
277 1609 369 1633 sana
387 1609 495 1633 mens
516 1597 658 1639 fuisset,
680 1597 833 1634 difficile
855 1598 926 1634 illis
955 1598 1037 1644 fuit,
1058 1599 1147 1635 dum
1169 1612 1280 1636 senes
1301 1600 1347 1636 ab
1367 1601 1479 1638 domo

191 1651 216 1672 “
230 1648 276 1684 ad
297 1649 588 1685 consultandum
609 1657 818 1696 arcessunt,
837 1650 986 1687 mittere
1007 1651 1170 1687 Romam
1191 1652 1360 1701 legatos?
1390 1666 1477 1689 cum

192 1703 216 1724 4‘
234 1707 381 1746 senatu,
402 1713 489 1737 cum
511 1701 660 1749 populo,
690 1702 736 1737 de
765 1715 858 1750 pace
892 1715 936 1738 ac
967 1703 1106 1740 soedere
1136 1705 1283 1752 agere?
1339 1705 1477 1742 Tridui

192 1752 301 1789 “iter
320 1753 508 1801 expeditis
528 1760 628 1789 erat:
659 1753 803 1789 interea
832 1754 868 1790 in
900 1754 1065 1791 induciis
1088 1768 1147 1792 res
1177 1756 1319 1800 fuisset,
1354 1758 1478 1794 donec

192 1807 216 1828 ‘⁶
230 1805 276 1840 ab
297 1805 422 1841 Roma
444 1805 556 1854 legati
586 1812 650 1841 aut
678 1805 871 1842 victoriam
892 1806 964 1842 illis
994 1818 1150 1851 certam,
1180 1815 1243 1844 aut
1262 1822 1395 1857 pacem
1427 1810 1479 1846 af-

191 1859 215 1880 “
230 1856 378 1893 ferrent.
435 1857 493 1894 Ea
512 1858 665 1893 demum
687 1859 837 1906 sponsio
857 1866 968 1904 esset,
994 1872 1105 1907 quam
1125 1861 1251 1909 populi
1268 1862 1374 1910 jussu
1396 1875 1478 1911 spo-

191 1909 504 1957 “pondissemus
560 1910 635 1946 Sed
656 1922 779 1957 neque
815 1923 876 1947 vos
906 1911 1098 1955 tulissetis,
1126 1925 1199 1949 nec
1232 1926 1300 1950 nos
1320 1927 1477 1963 spopon-

191 1962 414 1998 “dissemus
432 1974 439 1998 z
469 1974 542 1998 nec
563 1962 617 1998 fas
638 1961 706 1998 fuit
726 1962 839 1999 alium
860 1976 984 1999 rerum
1014 1965 1156 2001 exitum
1186 1977 1282 2009 esse,
1304 1966 1415 2015 quam
1439 1974 1478 2004 ut

189 2016 214 2038 “
228 2014 293 2057 illi,
315 2014 416 2051 velut
448 2015 593 2051 somnio
626 2014 777 2060 laetiore,
809 2016 920 2063 quam
949 2017 1044 2064 quod
1077 2025 1224 2054 mentes
1257 2031 1386 2055 eorum
1417 2033 1477 2056 ca-

190 2069 315 2115 “pere
344 2074 509 2116 possent,
530 2066 783 2115 nequidquam
813 2068 1056 2105 eluderentur
1074 2082 1081 2106 :
1125 2077 1162 2107 et
1182 2078 1350 2108 nostrum
1371 2085 1477 2108 exer-

190 2119 343 2155 “citum
364 2120 511 2162 eadem,
531 2132 614 2167 quae
630 2119 866 2168 impedierat,
897 2121 1045 2158 fortuna
1074 2123 1292 2171 expediret;
1340 2136 1475 2161 vanam

190 2171 420 2207 “victoriam
451 2171 578 2208 vanior
598 2171 738 2208 irritam
760 2172 902 2210 faceret
921 2187 992 2222 pax
1010 2187 1018 2210 :
1049 2176 1200 2223 sponsio
1221 2175 1476 2226 interponere-

190 2225 214 2245 ‘⁴
227 2229 298 2265 tur,
332 2236 414 2271 quae
433 2223 639 2267 neminem,
674 2232 807 2273 praeter
836 2239 1067 2274 sponsorem,
1096 2227 1291 2277 obligaret.
1365 2229 1473 2269 Quid

189 2275 328 2311 “enim
349 2275 554 2322 vobiscum,
585 2276 715 2313 Patres
747 2279 965 2327 conscripti,
988 2280 1078 2327 quid
1109 2293 1198 2317 cum
1226 2282 1363 2330 populo
1397 2282 1475 2319 Ro-

189 2330 339 2364 “mano
370 2335 495 2364 actum
530 2329 613 2365 est?
654 2330 736 2378 quis
766 2343 829 2367 vos
862 2332 1048 2380 appellare
1073 2334 1226 2381 potest?
1271 2334 1354 2382 quis
1382 2347 1422 2371 se
1453 2347 1474 2370 a

189 2379 331 2416 “vobis
350 2380 477 2416 dicere
506 2380 736 2430 deceptum?
783 2383 930 2420 hostis?
979 2397 1025 2421 an
1057 2385 1180 2422 civis?
1237 2386 1347 2423 Hosti
1377 2386 1471 2423 nihil

188 2432 478 2480 “spopondistis
496 2445 504 2468 ε
534 2433 654 2470 civem
675 2435 866 2472 neminem
888 2437 1073 2485 spondere
1094 2451 1160 2487 pro
1174 2438 1279 2475 vobis
1294 2438 1470 2487 jussistis.

187 2483 330 2522 “Nihil
352 2497 441 2535 ergo
458 2485 560 2522 vobis
580 2498 653 2523 nec
670 2487 865 2525 nobiscum
883 2496 951 2533 est,
969 2490 1104 2538 quibus
1120 2491 1212 2527 nihil
1234 2490 1442 2527 mandastis
1460 2503 1469 2535 ;
