1617 2765
449 167 614 190 EPITOMAE
640 169 832 190 menonem
856 170 1165 192 DEPERDITORUM.
1381 164 1456 202 163

171 251 204 276 de
223 251 255 276 iis
269 251 372 290 injuriis
385 256 567 284 quererentur,
580 252 665 284 missi,
678 253 776 284 pulsati
790 256 871 278 sunt:
897 254 930 278 ob
941 254 977 284 id,
990 254 1089 278 bellum
1104 254 1136 278 iis
1150 254 1278 279 indictum
1291 260 1341 281 est.
1379 257 1457 282 Sam-

172 284 241 309 nites
253 285 416 316 deiecerunt.
453 285 590 310 Adversus
603 293 659 316 eos,
672 290 699 310 et
712 286 846 316 Lucanos,
859 290 887 310 et
902 287 1031 318 Bruttios,
1044 291 1071 311 et
1085 287 1223 318 Etruscos,
1242 288 1343 319 aliquot
1357 290 1456 320 proeliis

172 324 188 341 a
199 317 378 349 compluribus
391 317 500 342 ducibus
515 317 580 342 bene
594 322 740 349 pugnatum
754 323 805 343 est.
831 319 957 351 PyrrliuS‚
970 319 1139 350 Epirotarum
1151 327 1206 350 rex,
1218 325 1246 344 ut
1260 321 1390 345 auxilium
1404 322 1457 347 ser-

172 354 212 374 ret
223 350 391 381 Tarentinis,
411 350 438 374 in
455 350 563 374 Italiam
577 351 658 375 venit.
695 351 787 376 Quum
808 351 834 376 in
856 351 1006 382 praesidium
1029 352 1208 384 Rbeginorum
1231 353 1299 383 legio
1317 353 1457 384 Campana

171 389 231 407 eum
244 383 368 414 praeseeto
380 382 464 407 Decio
473 382 589 407 Jubellio
601 383 684 408 missa
695 388 777 415 esset,
790 384 886 408 occisis
900 384 1030 416 Rheginis
1041 385 1172 417 Rhegium
1183 385 1336 417 occupavit.
1375 386 1416 419 [u.
1427 395 1455 413 c.

171 416 321 441 469—471.
356 424 383 441 A.
398 423 425 440 c.
437 415 606 449 asa-2814

565 508 694 526 ΕΡΙΤΟΜΕ
715 509 797 526 LIBRI
818 509 925 526 DECIMI
945 509 1061 527 TERTII.

204 557 362 583 Vanznius
375 553 499 581 Laevinus
512 557 606 581 consul
619 565 712 588 parum
725 558 849 588 prospere
864 558 990 582 adversus
1010 558 1139 590 Pyrrhum
1158 558 1287 591 pugnavit
1299 567 1307 590 3
1332 559 1457 590 elepban·

171 595 258 615 torum
270 590 386 614 maxime
400 589 529 614 inusitata
542 589 610 614 facie
624 590 725 614 territis
739 590 880 614 militibus.
916 591 980 615 Post
999 591 1024 615 id
1044 591 1173 623 prcelium,
1189 599 1269 623 quum
1281 599 1391 622 corpora
1404 592 1457 617 Ro-

171 631 319 654 manorum,
329 622 374 654 qui
387 622 414 647 in
427 622 484 646 acie
497 622 662 653 ceciderant,
677 623 791 654 Pyrrhus
813 623 965 655 inspiceret,
985 623 1075 648 omnia
1089 632 1165 648 versa
1180 624 1207 648 in
1221 624 1323 648 hostem
1337 624 1457 657 invenit;

170 655 424 687 populabundusque
437 655 470 679 ad
483 655 575 679 urbem
589 655 701 679 Romam
715 655 852 686 processit.
889 656 920 680 C.
936 656 1086 687 Fabricius,
1097 656 1193 681 missus
1207 657 1239 680 ad
1249 665 1309 681 eum
1323 664 1338 680 a
1351 661 1456 689 senatu,

170 691 200 712 ut
212 689 245 712 de
258 687 418 712 redimendis
430 687 544 719 captivis
558 692 660 720 ageret,
679 688 787 719 frustra,
809 692 838 713 ut
859 689 975 719 patriani
996 689 1140 720 desereret,
1160 697 1176 713 a
1197 697 1257 721 rege
1271 693 1391 714 tentatus
1404 695 1455 715 est.

168 720 278 751 Captivi
290 720 347 744 sine
361 720 446 751 pretio
458 719 562 745 remissi
575 725 647 745 sunt.
684 720 793 751 Cineas,
806 721 911 752 legatus
923 729 939 745 a
953 721 1052 753 Pyrrho
1065 722 1098 745 ud
1110 726 1233 746 senatum
1244 722 1351 753 missus,
1365 722 1456 754 petiit,

169 757 200 777 ut
211 753 400 784 componendae
412 753 485 784 pacis
495 753 579 777 causa
591 761 635 777 rex
650 753 674 777 in
686 754 777 777 urbem
799 754 962 785 reciperetur
974 762 981 778 ε
1005 754 1038 778 de
1052 755 1104 785 qua
1117 762 1142 778 re
1155 762 1236 786 quum
1249 755 1282 778 ad
1295 754 1457 786 frequentio-

170 793 224 810 rem
237 789 361 810 seuatum
381 785 471 810 referri
492 785 651 816 placuisset,
671 786 723 816 Ap.
737 786 878 817 Claudlus,
902 786 957 818 qui,
978 791 1084 818 propter
1105 787 1286 811 valetudinem
1307 788 1455 819 oculorum,

167 818 271 849 jamdiu
283 817 402 842 consiliis
415 818 528 849 publicis
540 826 568 842 se
581 818 756 849 abstinuerat,
778 819 850 843 venit
864 819 889 842 in
903 819 1016 849 curiam,
1029 823 1057 844 et
1070 820 1204 844 sententia
1215 820 1264 844 su&⁴
1275 820 1372 852 tenuit,
1386 824 1416 845 ut
1429 820 1455 846 id

170 850 270 882 Pyrrho
282 855 437 882 negaretur.
471 851 520 875 Cn.
533 850 678 881 Domitius,
692 859 786 875 censor
805 852 905 882 primus
926 860 959 876 ex
977 852 1064 883 plebe,
1088 852 1200 876 lustrum
1214 853 1348 877 condidit:
1376 860 1456 878 censa

169 887 231 908 sunt
243 883 343 908 civium
356 883 446 914 capita
458 883 574 908 ducenta
586 884 757 915 septuaginta
770 888 832 908 octo
845 884 940 915 millia,
961 885 1076 909 ducenta
1090 885 1185 916 viginti
1199 885 1260 909 duo.
1296 885 1397 910 Iterum
1410 886 1454 911 ad-

169 923 259 940 versus
272 915 400 947 Pyrrhum
414 916 495 940 dubio
507 919 604 940 eventu
618 920 762 947 pugnatum
776 920 826 940 est.
863 917 932 941 Cum
951 917 1218 949 Carthaginiensibus
1232 918 1358 949 quartum
1371 918 1455 943 foedus

169 951 327 973 renovatum
338 952 389 972 est.
419 948 512 974 Quum
524 949 555 972 C.
569 948 693 972 Fabricio
705 949 808 973 consuli
822 949 854 979 is,
865 949 910 980 qui
940 950 974 973 ad
987 957 1048 974 eum
1061 958 1077 974 a
1090 950 1189 981 Pyrrho
1198 950 1387 982 transfugerat,
1401 951 1454 982 pol-

169 980 305 1011 liceretur,
318 988 347 1005 se
361 980 417 1012 regi
428 988 562 1005 venenum
575 981 711 1011 daturum,
725 988 784 1005 eum
798 981 897 1005 indicio
910 981 942 1005 ad
953 989 1040 1013 regem
1054 982 1180 1007 remissus
1188 989 1238 1007 est.
1264 983 1315 1007 Res
1328 987 1454 1015 praeterea

168 1017 261 1071 eor21tra
281 1013 418 1070 Ιᾷῑῐιιεοοε,
439 1012 725 1078 Ιὲἐιὸεαηοὲεᾷὃῗωῑῑίοε,
748 1016 775 1037 et
796 1013 940 1045 Samnites,
957 1015 1082 1045 prospere
1094 1018 1184 1047 gestas
1202 1015 1332 1040 eontinet.
1371 1015 1412 1048 [u.
1425 1023 1452 1041 c.

167 1046 200 1071 47
225 1046 283 1070 —4
300 1046 325 1070 4.
360 1054 388 1070 A.
403 1053 430 1070 c.
500 1058 533 1063 —
592 1063 598 1069 .

546 1138 680 1156 EPtToME
700 1139 783 1156 LIBRI
804 1139 916 1157 otetur
936 1139 1059 1161 QUARTI-

201 1187 342 1213 Pramus
356 1187 383 1212 in
396 1186 521 1212 Siciliam
533 1186 650 1219 trajecit.
688 1187 792 1218 Quum,
806 1186 873 1211 inter
886 1187 941 1212 alia
964 1187 1094 1219 prodigia,
1116 1187 1226 1213 fulmine
1240 1188 1373 1220 dejectum
1385 1193 1456 1215 esset

169 1227 195 1245 in
209 1220 346 1251 Capitolio
354 1219 430 1245 Jovis
443 1219 559 1252 signum,
572 1224 653 1251 caput
665 1220 724 1252 ejus
743 1228 790 1251 per
810 1220 946 1251 aruspices
966 1221 1103 1244 inventum
1112 1224 1162 1245 est.
1197 1221 1297 1245 Curius
1311 1221 1455 1254 Dentatus,

168 1261 250 1285 quum
262 1253 395 1277 delectum
408 1252 526 1283 haberet,
538 1253 607 1285 ejus,
620 1252 664 1284 qui
677 1253 776 1277 citatus
790 1260 841 1277 non
854 1253 1037 1284 responderat,
1051 1253 1120 1277 bona
1133 1253 1232 1284 primus
1244 1254 1372 1279 vendidit.
1393 1254 1457 1286 Pyr-

168 1286 245 1310 rhum
258 1285 353 1310 iterum
366 1293 399 1310 ex
413 1285 509 1310 Sicilia
521 1285 547 1309 in
560 1285 670 1309 Italiam
683 1293 819 1310 reversum
833 1285 908 1317 vicit,
922 1290 949 1311 et
963 1286 1045 1310 Italia
1056 1286 1170 1316 expulit.
1207 1286 1347 1311 Fabricius
1362 1295 1456 1312 censor

167 1318 197 1343 P.
211 1318 364 1343 Cornelium
377 1318 504 1343 Rufinum
516 1318 684 1342 consularem
693 1322 788 1343 senatu
801 1318 894 1350 movit,
906 1319 973 1351 qued
987 1319 1008 1343 is
1021 1319 1112 1343 decem
1121 1318 1207 1349 pondo
1217 1320 1321 1350 argenti
1335 1319 1400 1344 faeti
1410 1320 1456 1345 ha-

169 1351 252 1376 beret.
288 1351 386 1376 Lustro
406 1359 422 1376 a
440 1350 593 1376 censoribus
613 1351 731 1383 condito,
749 1358 831 1375 censa
849 1355 911 1375 sunt
929 1351 1020 1382 capita
1032 1351 1131 1376 civium
1150 1351 1265 1376 ducenta
1283 1352 1456 1384 septuaginta.

168 1391 250 1409 unum
262 1383 358 1414 millia,
371 1384 487 1408 ducenta
499 1382 595 1415 viginti
608 1387 729 1415 quatuor.
766 1384 835 1408 Cum
849 1383 1000 1415 Ptolemaeo,
1013 1383 1125 1416 AEgypti
1138 1391 1212 1416 rege,
1232 1385 1348 1409 societas
1358 1385 1455 1417 juncta

167 1420 219 1442 est.
256 1416 381 1448 Sextilia,
394 1416 468 1448 virgo
483 1415 613 1447 Vestalis,
632 1416 759 1440 damnata
780 1416 888 1447 incesti,
907 1416 970 1441 viva
987 1416 1092 1441 defossa
1109 1421 1160 1441 est.
1196 1417 1316 1441 Coloniae
1333 1418 1455 1442 deduetae

165 1453 228 1474 sunt
241 1449 384 1473 Posidonia
396 1452 424 1474 et
436 1449 517 1473 Cosa.
552 1449 817 1480 Carthaginiensium
830 1449 923 1473 classis
936 1448 1039 1473 auxilio
1051 1449 1206 1474 Tarentinis
1215 1450 1307 1474 venit:
1321 1458 1372 1482 quo
1382 1449 1455 1475 facto

165 1481 199 1506 ab
211 1481 246 1506 iis
258 1481 340 1506 foedus
353 1481 484 1506 violatum
495 1484 546 1506 est.
583 1481 635 1506 Res
645 1486 774 1512 praeterea
786 1485 880 1506 contra
892 1481 1030 1513 Lucanos,
1050 1482 1194 1513 Samnites,
1213 1485 1240 1506 et
1253 1482 1384 1513 Bruttios,
1398 1483 1455 1508 feli-

165 1514 234 1540 citer
245 1518 345 1547 gestas,
358 1518 387 1539 et
398 1514 493 1547 Pyrrhi
505 1514 575 1547 regis
587 1518 699 1538 mortem
713 1518 842 1539 continet.
879 1514 921 1547 [υ.
936 1522 964 1538 c.
977 1515 1025 1539 475
1034 1528 1066 1533 —-
1075 1515 1133 1539 480.
1170 1524 1198 1539 Δ.
1212 1522 1236 1539 c.
1248 1515 1297 1539 277
1306 1529 1337 1533 —
1347 1515 1418 1548 272]

559 1595 692 1614 EMTOME
712 1596 795 1613 LIBRI
816 1596 927 1614 Ducum
948 1595 1066 1618 QUINTI·

200 1644 304 1669 νισι-ιε
317 1643 471 1669 Tarentinis
484 1651 537 1675 pax
548 1647 575 1668 et
588 1644 696 1669 libertas
709 1645 774 1669 data
789 1649 840 1670 est.
876 1644 960 1677 Legio
972 1645 1123 1676 Campana,
1145 1652 1203 1677 quae
1221 1644 1353 1677 Rhegium
1374 1653 1453 1670 oceu-

166 1680 286 1709 paverat‚
298 1677 421 1708 obsessa,
433 1676 567 1701 deditione
581 1677 661 1708 sacta,
674 1677 762 1702 securi
772 1685 897 1708 pereussa
906 1682 957 1702 est.
975 1677 1068 1703 Quum
1078 1678 1180 1709 legatos
1194 1678 1406 1709 Apolloniatium
1419 1678 1453 1703 ad

166 1713 287 1734 senatum
302 1709 397 1733 missos
410 1709 639 1741 quidamjuvenes
659 1710 820 1740 pulsassent,
843 1710 926 1734 dediti
948 1715 1010 1735 sunt
1032 1710 1260 1741 Apolloniatibus.
1298 1710 1452 1735 Picentibus

166 1741 244 1766 vietis
257 1749 308 1773 pax
321 1742 383 1766 data
395 1746 445 1766 est.
481 1742 600 1766 Coloniae
611 1743 740 1773 deductae,
761 1742 913 1767 Ariminum
925 1742 952 1767 in
967 1742 1074 1772 Piceno,
1090 1743 1270 1767 Beneventum
1286 1742 1313 1767 in
1332 1743 1451 1767 Samnio.

166 1774 245 1799 Tunc
259 1774 373 1806 primum
386 1774 498 1806 populus
511 1774 650 1799 Romanus
663 1778 775 1806 urgento
788 1774 827 1799 uti
841 1775 930 1806 ccepit.
966 1774 1059 1799 Umbri
1073 1779 1101 1799 et
1111 1775 1254 1799 Sallentini
1269 1775 1334 1799 victi
1344 1775 1370 1799 in
1381 1775 1454 1800 dedi-

166 1807 266 1832 tionem
280 1807 387 1838 accepti
408 1811 479 1832 sunt.
516 1807 688 1832 Quoestorum
711 1814 838 1833 numerus
860 1807 1004 1839 ampliatus
1028 1811 1081 1839 est,
1106 1811 1135 1832 ut
1157 1812 1245 1832 essent
1265 1811 1335 1832 octo.
1374 1807 1416 1841 [u.
1426 1816 1452 1833 c.

166 1840 316 1865 481—488.
352 1848 381 1865 Δ.
394 1848 421 1865 c.
431 1840 479 1864 271
488 1839 601 1873 —264.]

560 1921 691 1939 RI’I'FOME
711 1921 796 1939 LIBRI
818 1922 926 1939 DECIMI
947 1921 1043 1939 SEXTI-

200 1970 299 1996 Omne
310 1969 584 2002 Carthaginiensium,
598 1973 626 1995 et
638 1970 782 2001 primordia
796 1970 867 1994 urbis
880 1978 981 2001 eorum,
995 1969 1164 2001 referuntur3
1182 1973 1277 1994 eontra
1289 1977 1353 2001 quos
1365 1973 1393 1994 et
1406 1969 1454 1995 Hi-

166 2011 274 2029 eronem
287 2010 376 2035 regem
389 2003 628 2035 Syracusanorum,
646 2002 776 2027 auxilium
791 2003 959 2028 Mamertinis
972 2002 1110 2027 ferendum
1123 2003 1227 2027 censuit
1239 2006 1357 2034 senatus,
1371 2010 1454 2035 quum

166 2036 199 2062 de
210 2037 243 2062 ea
254 2043 281 2060 re
294 2035 361 2060 inter
374 2036 515 2060 suadentes
530 2039 559 2060 ut
571 2035 597 2060 id
611 2036 698 2066 fieret,
711 2035 963 2067 dissuadentesque,
977 2035 1113 2060 contentio
1125 2035 1229 2060 fuisset.
1265 2035 1451 2067 Transgressis

167 2073 224 2094 tum
235 2068 350 2100 primum
363 2076 435 2093 mare
446 2067 580 2100 equitibus
593 2068 732 2099 Romanis,
744 2069 873 2093 adversus
887 2068 1032 2093 Hieronem
1041 2068 1136 2099 saepius
1148 2069 1214 2093 bene
1226 2072 1383 2099 pugnaturn.
1403 2068 1454 2093 Pe-

167 2101 233 2126 tenti
246 2109 298 2133 pax
310 2102 376 2126 data
387 2104 439 2126 est.
475 2101 602 2125 Lustrum
614 2109 630 2125 a
641 2101 797 2125 censoribus
809 2101 947 2126 eonditum
958 2105 999 2126 est
1011 2110 1016 2125 :
1030 2109 1112 2126 censa
1121 2106 1183 2125 sunt
1192 2101 1292 2125 civium
1305 2101 1395 2132 capita
1405 2101 1454 2125 du-

167 2138 245 2158 centa
258 2134 394 2165 octoginta
405 2134 458 2158 duo
470 2133 566 2164 millia,
586 2134 703 2158 ducenta
725 2133 835 2165 triginta
855 2138 978 2166 quatuor.
1014 2133 1048 2158 D.
1062 2133 1158 2158 Junius
1179 2133 1277 2158 Brutus
1290 2141 1385 2158 munus
1398 2133 1455 2166 gla-

167 2166 310 2191 diatorium
329 2166 355 2191 in
377 2167 503 2191 bonorem
520 2165 636 2190 defuncti
658 2166 739 2197 patris
753 2167 836 2191 edidit
855 2167 964 2197 primus.
999 2166 1113 2191 (folonia
1134 2165 1259 2190 AEsernia
1272 2166 1388 2191 deducta
1400 2169 1453 2191 est.

167 2199 222 2224 Res
236 2203 466 2265 ιξὸἳιειθρεόοσῇηῑτα
479 2198 571 2223 Poenos
588 2202 616 2224 et
636 2198 773 2224 Vulsinios
785 2199 910 2231 prospere
931 2202 1020 2232 gestas
1033 2199 1164 2224 continet.
1201 2199 1242 2232 [u.
1254 2206 1280 2223 c.
1295 2199 1384 2224 488—
1393 2198 1454 2224 491.

167 2240 196 2257 Α.
207 2241 233 2258 c.
298 2245 327 2250 —
373 2232 393 2257 I.

544 2317 678 2336 Eurotan
696 2318 781 2336 LIBRI
803 2318 913 2336 uncum
933 2317 1065 2336 aarum.

201 2366 257 2391 Cn.
270 2365 412 2391 Cornelius
424 2365 528 2397 consul,
540 2373 556 2390 a
568 2365 654 2391 classe
668 2366 770 2392 Punica
783 2366 990 2398 circumventus,
1012 2370 1041 2392 et
1053 2374 1098 2397 per
1110 2365 1232 2391 fraudem
1245 2367 1321 2391 velut
1333 2366 1360 2390 in
1373 2365 1454 2391 eollo-

167 2399 259 2432 quium
272 2402 410 2429 evocatus,
423 2401 517 2429 captus
529 2402 579 2423 est.
613 2399 644 2424 C.
664 2399 769 2424 Duilius
788 2400 880 2424 consul
899 2400 1025 2425 adversus
1038 2398 1151 2424 classem
1169 2399 1307 2423 Poenorum
1329 2398 1453 2429 prospere

168 2431 308 2464 pugnavit,
322 2431 473 2462 primusque
487 2431 604 2456 omnium
618 2432 797 2457 Romanorum
818 2433 916 2457 (lucum
929 2433 1032 2457 navalis
1052 2431 1171 2457 victoriae
1182 2431 1259 2456 duxit
1271 2431 1453 2461 triumphum:

168 2464 202 2490 ob
220 2471 299 2497 quam
317 2471 428 2490 eausam
445 2463 470 2488 ei
488 2468 632 2496 perpetuus
651 2465 735 2491 honos
761 2465 869 2491 habitus
895 2469 947 2498 est,
973 2470 1002 2490 ut
1026 2464 1172 2491 revertenti
1190 2472 1206 2489 a
1231 2465 1315 2496 efflusi,
1343 2462 1453 2488 tibicine
