1617 2765
174 198 248 236 196
694 195 783 226 'rm
809 194 915 225 mvn

171 292 226 341 git
252 291 431 341 gladium,
461 303 658 339 cuneoque
688 290 798 333 sacto,
829 302 895 338 per
927 289 1069 325 medios
1098 288 1197 325 vadit
1216 288 1366 325 hostes:
1394 295 1444 334 et,

171 356 286 392 quum
306 344 344 380 in
364 343 459 379 latus
479 343 663 389 dextrum,
683 343 780 390 quod
801 342 962 390 patebat,
982 341 1159 377 Numidae
1175 340 1445 389 jacularentur,

172 395 360 432 translatis
373 395 410 432 iu
423 395 594 430 dextrum
608 395 737 435 scutis,
756 394 792 430 in
808 393 947 442 majora
959 400 1081 429 castra
1093 393 1139 428 ad
1152 399 1349 428 sexcentos
1361 403 1446 427 eva-

173 454 303 484 serunt
318 460 326 491 ;
347 455 456 495 atque
470 446 558 481 inde
573 446 754 494 protinus,
771 445 843 481 alio
855 457 992 494 magno
1009 445 1157 493 agmine
1171 444 1362 492 adjuncto,
1375 443 1448 479 Ca-

173 500 322 536 nusium
340 499 549 535 incolumes
565 497 797 546 perveniunt.
838 497 934 533 Haec
950 497 1048 545 apud
1065 497 1182 532 victos
1196 495 1316 543 magis
1331 495 1448 542 impe·
1476 501 1493 525 5

173 559 212 588 tu
233 552 441 587 animorum
476 549 605 597 (quern
627 549 821 598 ingenium
842 562 949 584 suum
982 549 1118 596 cuique
1139 555 1202 583 aut
1222 547 1296 582 sors
1315 545 1447 595 dabat)

171 604 283 651 quam
304 616 350 639 ex
370 601 527 639 consilio
542 601 716 649 ipsorum,
731 609 795 637 aut
811 601 966 650 imperio
978 600 1214 649 cujusquam,
1228 598 1447 648 agebantur.

226 707 292 743 LI.
325 705 533 743 Hannibali
553 704 684 741 victori
704 717 817 752 quum
835 704 961 740 caeteri
981 703 1200 739 circumfusi
1220 702 1451 752 gratularen-

174 767 243 803 tur,
265 759 553 805 suaderentque,
583 763 636 799 ut,
656 763 759 792 tanto
779 755 999 804 perfunctus
1028 756 1138 798 bello,
1172 756 1246 791 diei
1276 754 1374 802 quod
1395 766 1451 789 re·

174 811 315 858 liquum
336 816 447 854 esset,
468 808 663 856 noctisque
683 808 926 856 insequentis,
956 807 1120 855 quietern
1146 814 1183 842 et
1203 807 1280 854 ipse
1301 805 1371 841 sibi
1391 818 1452 841 su-
1466 813 1496 837 10

175 869 305 904 meret,
327 868 364 897 et
383 860 490 896 sessis
508 860 614 896 daret
643 860 846 903 militibus;
889 859 1100 904 Maharbal,
1130 859 1330 907 praesectus
1349 857 1452 905 equi-

175 921 267 956 tum,
289 912 444 949 minime
465 912 690 948 cessandum
711 920 826 954 ratus,
857 918 881 934 ‘⁶
896 911 1030 954 Immo,
1051 918 1104 957 ut,
1123 910 1212 958 quid
1234 911 1304 949 hac
1324 909 1452 958 pugna

176 969 200 988 ‘⁴‘
214 966 260 1001 sit
294 972 432 1009 actum,
453 964 561 1009 scias,
581 964 642 1000 die
662 964 828 1011 quinto‚''
860 963 990 1011 inquit,
1022 963 1176 999 “victor
1207 962 1245 998 in
1266 961 1452 1009 Capitolio

178 1024 201 1039 “
218 1016 441 1065 epulaberis.
499 1017 687 1064 Sequere:
717 1028 803 1051 cum
825 1015 963 1063 equite,
983 1022 1023 1051 ut
1052 1014 1154 1063 prius
1174 1014 1319 1050 venisse
1340 1013 1451 1061 quam

179 1075 415 1104 “venturum
436 1067 570 1110 sciant,
591 1068 840 1115 praecedam.''
897 1066 1104 1103 Hannibali
1139 1066 1251 1102 nimis
1279 1065 1364 1101 laeta
1393 1077 1452 1101 res
1467 1073 1497 1098 15

177 1128 233 1156 est
251 1120 342 1163 visa,
363 1120 565 1167 majorque,
585 1119 695 1166 quam
718 1126 757 1155 ut
777 1132 860 1155 eam
880 1119 1001 1155 statim
1020 1131 1153 1166 capere
1170 1118 1296 1154 animo
1314 1124 1451 1166 posset.

179 1172 324 1219 Itaque,
365 1177 388 1193 ‘⁶
406 1171 634 1207 voluntatem
663 1182 702 1206 se
737 1170 887 1206 laudare
930 1169 1201 1215 Maharbalis,’'
1240 1169 1316 1212 ait3
1365 1175 1389 1191 ‘⁶
1406 1169 1452 1204 ad

179 1223 416 1259 “consilium
445 1222 681 1270 pensandum
713 1222 891 1270 temporis
922 1234 1015 1269 opus
1043 1221 1162 1258 esse.’'
1235 1220 1340 1256 Turn
1371 1219 1454 1256 Ma-

178 1274 321 1321 harbal,
352 1274 480 1310 “Non
509 1273 649 1320 omnia,
670 1273 863 1320 nimirum,
899 1274 1021 1309 eidem
1052 1273 1115 1309 Dii
1144 1272 1294 1308 dedere.
1361 1271 1454 1308 Vin-

182 1333 206 1349 “
224 1339 310 1362 cere
331 1325 418 1368 scis,
441 1325 633 1361 Hannibal
651 1338 661 1369 ς
693 1325 843 1361 victoria
863 1325 916 1361 uti
938 1325 1101 1361 neseis.”
1152 1324 1261 1361 Mora
1279 1324 1360 1373 ejus
1378 1323 1499 1360 diei2o

180 1378 269 1414 satis
288 1378 466 1422 creditur,
486 1377 596 1414 saluti
617 1377 731 1413 fuisse
751 1377 842 1414 Urbi
863 1384 972 1425 atque
992 1377 1159 1425 imperio.
1207 1376 1359 1412 Postero
1378 1375 1453 1418 die,

181 1430 243 1466 ubi
265 1429 424 1478 primum
444 1429 577 1472 illuxit,
599 1429 646 1465 ad
666 1429 783 1477 spolia
810 1429 983 1477 legenda,
1009 1429 1221 1476 foedamque
1240 1428 1351 1464 etiam
1373 1428 1456 1464 hos-

178 1481 278 1517 tibus
298 1476 541 1529 spectandam
576 1488 751 1529 stragem,
782 1481 970 1517 insistunt.
1026 1480 1213 1516 Jacebant
1243 1486 1297 1516 tot
1315 1479 1456 1515 Roma-

179 1545 311 1569 norum
333 1533 460 1576 millia,
481 1533 626 1581 pedites
641 1533 779 1580 passim
795 1532 1024 1580 equitesque,
1046 1539 1086 1568 ut
1101 1543 1211 1580 quern
1225 1531 1362 1578 cuique
1382 1530 1455 1567 sors

180 1593 243 1620 aut
262 1585 388 1633 pugna
404 1584 584 1633 junxerat
603 1591 666 1620 aut
686 1584 786 1632 fuga.
843 1586 1097 1632 Assurgentes
1128 1583 1279 1631 quidam
1299 1595 1346 1618 ex
1364 1590 1500 1618 stra-25

181 1648 228 1684 ge
248 1636 374 1672 media
394 1636 554 1679 cruenti,
574 1649 666 1684 quos
685 1636 814 1672 stricta
842 1636 1025 1672 matutino
1046 1635 1180 1683 frigore
1200 1635 1456 1671 excitaverant

180 1687 347 1733 vulnera,
381 1688 427 1723 ab
461 1688 566 1724 hoste
585 1688 749 1736 oppressi
771 1695 869 1724 sunt.
925 1687 1123 1726 Quosdam
1145 1694 1180 1723 et
1205 1686 1377 1735 jacentes
1405 1686 1456 1722 vi-

181 1751 245 1775 vos
273 1739 432 1775 succisis
468 1739 669 1775 feminibus
696 1740 972 1788 poplitibusque
1001 1739 1238 1785 invenerunt,
1268 1739 1456 1774 nudantes

181 1791 368 1827 cervicem
384 1791 646 1840 jugulumque,
666 1799 704 1828 et
727 1791 910 1839 reliquum
930 1791 1155 1839 sanguinem
1170 1790 1346 1839 jubentes
1367 1790 1457 1826 hau-

181 1842 265 1878 rire.
323 1842 471 1879 Inventi
489 1850 576 1879 sunt
594 1843 747 1891 quidam
767 1843 898 1879 mersis
918 1843 956 1879 in
976 1843 1148 1879 effossam
1169 1850 1304 1878 terram
1325 1841 1455 1889 capiti·
1468 1851 1501 1876 30

182 1894 264 1939 bus,
284 1907 376 1941 quos
395 1895 464 1930 sibi
485 1894 584 1942 ipsos
604 1895 737 1930 fecisse
771 1895 907 1939 foveas,
941 1894 1215 1941 obruentesque
1245 1905 1309 1929 ora
1328 1905 1455 1940 super-

177 1946 280 1994 jecta
320 1946 434 1981 humo
477 1945 730 1981 interclusisse
772 1946 942 1993 spiritum
976 1945 1188 1993 apparebat.
1258 1943 1454 1992 Praecipue

181 1997 364 2047 convertit
382 2009 513 2033 omnes
532 1999 739 2033 substratus
771 1996 941 2032 Numida
970 2003 1115 2032 mortuo
1145 1995 1454 2044 superincubanti

182 2049 359 2085 Romano
378 2048 493 2094 vivus,
527 2061 619 2085 naso
649 2048 874 2096 auribusque
897 2048 1093 2091 laceratis3
1133 2060 1259 2095 quum,
1281 2048 1456 2083 manibus

182 2101 228 2137 ad
258 2101 484 2149 capiendum
504 2100 619 2136 telum
640 2099 847 2146 inutilibus,
868 2099 906 2136 in
923 2099 1064 2136 rabiem
1082 2099 1136 2136 ira
1152 2112 1293 2143 versus,
1313 2099 1501 2136 lanian-35

181 2153 229 2189 do
248 2152 425 2188 dentibus
446 2153 589 2189 hostem
609 2152 849 2201 exspirasset.

234 2255 320 2292 LII.
352 2256 488 2304 Spoliis
516 2256 563 2292 ad
592 2255 751 2292 multum
779 2255 853 2291 diei
873 2255 993 2298 lectis,
1024 2255 1218 2292 Hannibal
1239 2255 1285 2291 ad
1311 2255 1454 2292 minora

181 2307 286 2343 ducit
305 2315 428 2344 castra
446 2308 700 2357 oppugnanda
716 2320 724 2351 ;
767 2314 804 2343 et
822 2307 991 2343 omnium
1010 2308 1186 2356 primum,
1214 2307 1368 2343 brachio
1392 2307 1456 2343 ob-

179 2360 290 2408 jecto,
312 2359 467 2395 flumine
487 2372 550 2396 eos
566 2359 742 2395 excludit.
800 2358 989 2395 Caeterum
1020 2359 1066 2395 ab
1097 2359 1285 2402 omnibus,
1312 2359 1452 2401 labore,

183 2411 330 2460 vigiliis,
352 2411 568 2448 vulneribus
588 2411 701 2447 etiam
722 2411 840 2456 fessis,
874 2411 1050 2447 maturior
1080 2411 1195 2459 ipsius
1231 2423 1295 2459 spe
1315 2409 1455 2446 deditio
1469 2420 1501 2445 4ο

182 2470 238 2500 est
267 2462 375 2500 facta.
433 2463 549 2509 Paeti,
571 2470 612 2499 ut
640 2475 743 2499 arma
771 2470 880 2511 atque
908 2475 1022 2511 equos
1041 2463 1242 2508 traderent,
1273 2462 1311 2498 in
1332 2461 1456 2510 capita
