1617 2765
634 198 770 228 LIBER
794 198 837 228 11.
883 207 962 229 CAP.
984 208 1023 228 rr.
1416 203 1468 242 59

241 293 293 332 II.
323 294 467 332 Rerum
488 293 627 330 deinde
647 292 857 329 divinarum
878 292 1005 329 habita
1031 305 1147 330 cui-:a
1195 301 1242 339 et,
1264 296 1350 343 quia
1369 310 1468 345 quae-

212 359 270 382 am
292 346 443 395 publica
462 358 568 381 sacra
588 358 651 393 per
679 345 778 393 ipsos
798 357 906 393 reges
926 344 1093 381 factitata
1125 353 1244 389 erant,
1266 360 1314 382 ne
1336 349 1466 386 ubiubi

184 410 316 446 regum
354 398 583 434 desiderium
621 404 733 443 esset,
765 409 891 445 regem
929 397 1182 433 sacrificulum
1222 407 1363 435 creant.
1421 401 1464 438 Id

184 450 434 486 sacerdotium
456 449 625 498 pontifici
659 449 869 497 subjecere,
908 461 955 484 ne
990 449 1139 485 additus
1173 450 1316 487 nomini
1351 452 1468 489 honos

123 514 128 519 ’
155 500 323 550 5aliquid
344 502 519 545 libertati,
541 501 650 549 cujus
670 508 762 537 tunc
792 501 912 549 prima
937 508 1016 537 erat
1049 514 1151 547 cura,
1185 502 1375 539 officeret:
1423 517 1468 541 ac

183 554 328 597 nescio,
350 567 410 597 an,
431 553 543 590 nimis
563 553 729 601 undique
746 566 828 588 eam
864 553 1030 589 minimis
1049 567 1194 611 quoque
1215 555 1327 590 rebus
1348 557 1469 592 muni-

183 607 295 649 endo,
331 607 483 642 modum
517 606 761 642 excesserint.
819 605 997 641 Consulis
1026 606 1128 642 enim
1162 606 1325 651 alterius,
1353 620 1468 655 quum

183 654 274 694 nihi]
296 658 397 694 aliud
417 658 629 701 offenderit,
664 670 802 694 nomen
822 658 984 693 invisum
1005 658 1145 694 civitati
1169 659 1248 694 fuit.
1305 662 1329 682 “
1346 659 1470 697 Nimi-

197 709 285 746 ‘um
306 710 536 759 Tarquinios
556 723 674 758 regno
694 722 801 745 assu(
805 722 890 745 sse:
938 709 1085 746 initium
1107 723 1128 746 a
1149 710 1279 747 Prisco
1299 711 1440 748 facturn
1459 725 1467 748 :

140 772 170 797 10
183 762 207 783 “
224 763 402 811 regnasse
423 763 561 798 deinde
583 764 663 798 Ser.
685 762 879 798 Tullium:
917 774 965 797 ne
986 762 1179 798 intervallo
1199 763 1349 810 quidem
1373 764 1470 800 facto

183 815 207 835 ‘⁶
223 815 395 861 oblitum,
426 822 616 862 tamquam
651 814 777 860 alieni,
812 814 918 861 regni
954 814 1167 862 Superbum
1201 815 1468 863 Tarquinium,

184 867 326 903 “velut
346 867 601 903 haereditatem
623 866 759 914 gentis,
791 866 933 901 scelere
965 879 1009 901 ac
1043 867 1077 902 vi
1107 867 1300 915 repetisse.
1358 868 1471 905 Pulso

184 920 208 940 “
226 920 410 967 Superbo,
430 931 547 967 penes
567 918 798 954 Collatinum
820 918 1017 965 imperium
1038 931 1132 954 esse.
1189 919 1352 956 Nescire
1374 920 1468 956 Tar·

184 972 208 993 ‘⁴
225 971 374 1018 quinios
393 971 554 1019 privatos
571 970 693 1005 vivere
712 982 720 1006 :
750 982 825 1005 non
840 969 989 1017 placere
1007 983 1144 1006 nomen
1163 984 1171 1006 :
1212 972 1467 1018 periculosum

141 1034 171 1058 15
184 1026 207 1045 “
225 1023 385 1059 libertati
417 1022 538 1058 esse.'’
614 1021 690 1058 Hic
723 1020 845 1070 primo
883 1022 1022 1057 sensim
1060 1023 1286 1059 tentantium
1325 1024 1470 1060 animos

184 1087 307 1112 sermo
339 1087 404 1123 per
434 1082 547 1111 totam
579 1074 768 1110 civitatem
807 1080 864 1109 est
901 1074 1009 1109 datus
1027 1087 1036 1117 3
1082 1074 1354 1123 sollicitamque
1392 1089 1471 1112 sus-

184 1127 335 1177 picione
366 1127 513 1176 plebem
547 1126 686 1163 Brutus
716 1126 762 1162 ad
793 1126 1018 1162 concionem
1045 1133 1163 1163 vocat.
1222 1127 1280 1164 Ibi
1300 1128 1469 1165 omnium

184 1180 346 1229 primum
363 1179 628 1228 jusjurandum
653 1178 778 1227 populi
799 1178 957 1223 recitat;
996 1179 1188 1215 neminem
1210 1193 1367 1228 regnare
1388 1193 1470 1228 pas-

185 1245 303 1274 suros,
325 1245 397 1268 nec
417 1244 498 1268 esse
520 1232 666 1276 Romae,
689 1231 789 1266 unde
810 1230 1018 1278 periculum
1040 1231 1202 1268 libertati
1224 1232 1327 1268 foret.
1384 1235 1406 1254 ⁶⁶
1426 1233 1470 1269 Id

140 1293 172 1318 20
186 1286 209 1306 “
227 1287 372 1321 summa
391 1297 462 1333 ope
482 1284 664 1320 tuendum
681 1296 762 1319 esse
781 1295 789 1318 z
838 1295 959 1330 neque
981 1283 1093 1319 ullam
1114 1296 1204 1329 rem,
1226 1297 1308 1332 quae
1328 1284 1372 1321 eo
1391 1298 1472 1333 per-

185 1338 209 1359 “
226 1337 356 1379 tineat,
377 1336 708 1373 contemnendam.
766 1335 931 1370 Invitum
950 1348 988 1371 se
1009 1336 1135 1372 dicere
1158 1337 1320 1372 hominis
1342 1339 1469 1384 causa,

185 1391 210 1411 “
227 1402 299 1425 nec
319 1389 510 1425 dicturum
535 1388 662 1430 fuisse,
694 1387 732 1423 ni
753 1387 888 1423 caritas
908 1387 1124 1435 reipublicae
1146 1389 1323 1425 vinceret.
1380 1389 1470 1426 Non

187 1445 212 1465 ‘⁶
228 1442 383 1478 credere
403 1440 579 1489 populum
603 1441 835 1485 Romanum,
856 1439 1012 1475 solidam
1036 1440 1247 1477 libertatem
1274 1454 1471 1490 recupera-

185 1496 208 1515 “
227 1501 301 1530 tam
322 1506 416 1529 esse.
474 1492 641 1549 Regium
662 1504 794 1540 genuS,
826 1491 971 1538 regium
1006 1504 1158 1538 nomen,
1194 1506 1269 1529 non
1290 1494 1409 1530 solum
1431 1494 1469 1530 in

140 1547 211 1579 25“
227 1546 389 1589 civitate,
407 1545 472 1581 sed
492 1544 635 1580 etiam
626 1557 664 1580 in
687 1543 843 1591 imperio
862 1555 955 1578 esse.
1013 1543 1057 1579 Id
1078 1545 1242 1588 officere,
1264 1545 1301 1581 id
1321 1546 1470 1582 obstare

186 1600 211 1621 “
228 1597 402 1634 libertati.
461 1597 577 1632 Hunc
597 1596 832 1643 tuj’inquit„
856 1596 957 1631 “tua
974 1596 1178 1639 voluntate,
1200 1597 1243 1633 L.
1266 1597 1466 1646 Tarquini,

186 1653 211 1673 ‘⁶
227 1662 377 1686 remove
397 1655 550 1685 metum.
589 1640 851 1692 Meminimus,
873 1647 1045 1691 fatemur,
1066 1649 1211 1696 ejecisti
1233 1662 1351 1698 reges.
1390 1650 1471 1686 Ab-

187 1706 211 1726 “
228 1702 326 1738 solve
348 1701 575 1737 beneficium
595 1707 714 1736 tuum.
772 1699 892 1735 Aufer
913 1700 1002 1735 hinc
1022 1701 1169 1748 regium
1190 1714 1340 1737 nomen.
1388 1702 1470 1738 Res

187 1758 310 1790 “tuas
330 1754 396 1790 tibi
418 1766 492 1790 non
513 1751 629 1789 solum
662 1752 820 1787 reddent
850 1751 950 1786 cives
983 1752 1048 1796 tui,
1064 1733 1233 1788 l:auctore
1254 1766 1341 1797 me3
1389 1754 1468 1797 sed,

143 1810 211 1840 30“
228 1806 259 1843 si
278 1806 367 1854 quid
388 1806 506 1848 deest,
528 1804 706 1841 munifice
728 1803 931 1852 augebunt.
989 1804 1149 1839 Amicus
1183 1805 1242 1841 abi
1261 1818 1269 1841 ;
1307 1818 1470 1841 exonera

187 1859 417 1895 “civitatem
438 1869 536 1893 vano
552 1856 704 1892 forsitan
726 1863 840 1891 metu.
898 1855 956 1891 Ita
981 1868 1200 1903 persuasum
1233 1864 1290 1893 est
1319 1858 1469 1900 animis,

186 1916 211 1936 “
228 1924 316 1948 cum
346 1917 459 1959 gente
479 1908 689 1966 Tarquinia
713 1920 871 1956 regnum
904 1908 992 1943 hinc
1027 1908 1227 1945 abiturum.
1233 1909 1255 1925 ’⁹
1313 1910 1469 1946 Consuli

186 1962 306 2015 primo
328 1970 403 1999 tam
423 1974 527 1998 novae
547 1961 600 1997 rei
632 1973 676 1996 ac
707 1960 839 1996 subitae
870 1959 1066 1996 admiratio
1093 1961 1298 1997 incluserat
1327 1974 1468 1998 vocem.

187 2018 326 2054 Dicere
346 2015 484 2051 deinde
505 2012 749 2061 incipientem
780 2012 961 2060 primores
980 2012 1140 2048 civitatis
1160 2014 1468 2050 circumsistunt·
1459 2041 1469 2058 ‚

143 2071 320 2107 ³5eadem
340 2067 466 2104 multis
485 2065 661 2114 precibus
675 2072 794 2101 orant.
852 2064 900 2101 Et
930 2064 1055 2100 eaeteri
1089 2066 1240 2112 quidem
1272 2067 1471 2102 moxebant

188 2120 332 2158 minus:
370 2126 566 2168 postquam
587 2118 650 2165 Sp.
672 2117 884 2161 Lucretius,
916 2117 1031 2165 major
1063 2125 1170 2153 aetate
1201 2130 1245 2153 ac
1271 2119 1468 2166 dignitate,

189 2185 294 2210 socer
314 2179 495 2221 praeterea
515 2170 644 2218 ipsius,
665 2182 776 2218 agere
805 2168 918 2211 varie,
949 2169 1116 2217 rogando
1136 2170 1288 2206 alternis
1308 2171 1471 2206 suaden-

190 2226 324 2273 doque,
344 2223 468 2272 coepit,
490 2230 530 2259 ut
556 2222 655 2258 vinci
688 2234 727 2257 se
748 2234 937 2258 consensu
971 2221 1132 2257 civitatis
1162 2229 1376 2270 pateretur3
1426 2223 1470 2258 ti-

190 2289 299 2315 mens
332 2275 475 2317 consul,
509 2287 557 2311 ne
587 2274 822 2322 postmodum
854 2274 995 2321 privato
1028 2273 1098 2309 sibi
1128 2274 1261 2310 eadem
1289 2275 1351 2310 illa
1381 2287 1467 2310 cum

145 2335 178 2360 ⁴10
191 2330 373 2366 bonorum
393 2327 606 2369 amissione,
638 2326 838 2374 additaque
870 2326 940 2361 alia
971 2326 1122 2374 insuper
1153 2326 1374 2375 ignominia,
1407 2339 1467 2362 ac-

191 2381 374 2423 ciderent,
388 2378 575 2415 abdicavit
587 2391 626 2414 se
642 2378 862 2415 consulatu:
884 2378 1069 2425 rebusque
1082 2378 1160 2414 suis
1172 2379 1347 2414 omnibus
1361 2378 1468 2414 Lavi-

192 2433 295 2470 nium
317 2430 517 2475 translatis,
537 2430 685 2466 civitate
706 2430 830 2466 cessit.
888 2430 1024 2466 Brutus
1054 2443 1099 2466 ex
1129 2429 1467 2466 senatus-consulto

193 2485 240 2522 ad
268 2483 446 2535 populum
479 2482 575 2526 tulit,
610 2489 651 2519 ut
681 2495 812 2520 omnes
842 2482 1061 2533 Tarquiniae
1090 2482 1213 2532 gentis
1246 2482 1393 2518 exsules
1413 2493 1469 2517 es-
