1617 2765
142 178 217 216 176
677 178 767 209 TITI
791 177 903 209 LIVII

140 271 324 308 Ticinum
344 284 507 315 amnem,
528 272 638 309 ambo
657 271 846 320 aliquanto
866 272 945 319 pest
977 273 1024 308 ad
1061 272 1256 318 Trebiam,
1277 285 1418 321 pugna·

141 324 272 360 verint.
328 324 408 360 Aut
425 325 553 360 omnia
572 324 740 360 breviora
760 323 948 370 aliquanto
970 324 1088 369 suere,
1124 333 1186 360 aut
1207 325 1419 372 Saguntum

140 375 326 424 principio
345 375 448 418 anni,
482 388 554 423 quo
584 376 624 412 Ρ.
646 375 860 421 Cornelius,
894 375 957 411 Ti.
979 376 1224 424 Sempronius
1244 376 1419 413 consules

142 427 303 472 suerunt,
324 440 399 464 non
420 437 584 475 coeptum
604 427 812 476 oppugnari
831 433 897 471 est,
919 427 984 462 sed
1005 435 1169 474 captum.
1226 428 1328 464 Nam
1357 440 1419 464 ex-

141 479 300 515 cessisse
318 491 445 527 pugna
464 479 510 515 ad
527 479 708 515 Trebiam
729 479 766 515 in
787 491 929 514 annum
949 478 1020 514 Cn.
1043 479 1191 515 Servilii
1211 487 1249 515 et
1268 479 1313 515 C.
1335 479 1420 516 Fla·
1449 489 1465 514 5

141 531 247 567 minii
268 543 342 567 non
364 538 509 578 potest3
538 531 626 578 quia
645 530 855 566 Flaminius
876 530 1038 566 Arimini
1064 531 1301 567 consulatum
1322 531 1418 576 iniit,

141 591 290 618 creatus
322 582 368 618 ab
399 582 461 618 Ti.
496 583 718 630 Sempronio
748 582 927 626 consule3
974 582 1048 630 qui,
1077 590 1160 631 post
1188 595 1353 631 pugnam
1373 583 1420 618 ad

142 634 323 670 Trebiam
344 634 390 670 ad
410 634 594 670 creandos
613 634 788 670 consules
824 635 984 670 Romam
1017 647 1132 682 quum
1162 635 1338 678 venisset,
1359 647 1421 671 co-

143 686 258 723 mitiis
277 685 452 734 perfectis
471 686 517 722 ad
537 686 746 722 exercitum
767 686 804 721 in
825 685 983 721 hiberna
998 687 1118 722 rediit.

194 789 303 825 XVI.
351 789 431 825 Sub
459 789 557 825 idem
592 788 667 825 fer&
696 796 844 837 tempus
871 796 909 825 et
936 789 1061 837 legati,
1090 790 1154 838 qui
1182 790 1372 827 redierant
1400 801 1465 827 alo

141 840 386 889 Carthagine,
399 840 564 877 Romam
579 841 797 886 retulerunt,
814 841 941 876 omnia
955 842 1102 878 hostilia
1117 853 1212 884 esse,
1224 849 1261 878 et
1275 842 1422 890 Sagun-

141 893 168 929 ti
189 893 398 929 exscidium
414 893 626 930 nuntiatum
652 901 731 930 est:
773 900 972 940 tantusque
992 893 1102 929 simul
1123 906 1258 930 moeror
1277 893 1419 941 Patres,

141 945 472 992 misericordiaque
509 946 695 982 sociorum
727 952 1000 994 peremptorum
1029 945 1198 994 indigne,
1236 953 1274 982 et
1302 946 1421 994 pudor

142 1009 216 1033 non
236 997 300 1033 lati
320 997 462 1043 auxilii,
481 1004 519 1033 et
538 997 593 1033 ira
613 997 650 1033 in
671 997 1018 1044 Carthaginienses,
1039 1005 1235 1046 metusque
1255 998 1301 1034 de
1321 1010 1421 1034 sum-

143 1049 204 1085 ma
224 1062 348 1085 rerum
368 1049 480 1097 cepit,
514 1049 614 1085 velut
632 1049 663 1085 si
689 1048 767 1097 jam
787 1049 834 1084 ad
854 1056 976 1096 portas
998 1049 1112 1085 hostis
1131 1057 1253 1094 esset3
1295 1057 1347 1096 ut,
1368 1057 1421 1087 tot
1436 1061 1467 1086 15

141 1114 216 1137 uno
235 1109 401 1149 tempore
420 1101 582 1137 motibus
601 1101 717 1137 animi
736 1101 886 1143 turbati,
908 1101 1138 1148 trepidarent
1154 1102 1286 1150 magis,
1307 1101 1420 1150 quam

141 1153 393 1189 consulerent.
449 1152 549 1189 Nam
584 1165 706 1200 neque
736 1153 880 1189 hostem
917 1153 1097 1188 acriorem
1133 1153 1422 1190 bellicosiorem-

141 1217 213 1252 que
245 1217 374 1241 secum
405 1217 672 1253 congressum;
719 1217 791 1240 nec
820 1217 899 1240 rem
920 1204 1135 1240 Romanam
1155 1212 1230 1240 tam
1251 1205 1421 1242 desidem

141 1269 306 1304 unquam
327 1256 440 1292 fuisse
466 1264 576 1304 atque
609 1256 809 1292 imbellem.
867 1256 1019 1299 Sardos,
1049 1257 1273 1304 Corsosque,
1303 1264 1339 1293 et
1368 1257 1423 1294 Is-

141 1315 227 1353 tros,
249 1317 358 1357 atque
378 1308 538 1356 Illyrios,
569 1308 765 1345 lacessisse
795 1308 928 1357 magis,
958 1308 1068 1355 quam
1095 1310 1321 1354 exercuisse,
1345 1309 1467 1346 Ro-20

141 1373 254 1397 mana
281 1373 406 1405 arma;
436 1368 473 1397 et
492 1374 580 1397 cum
599 1361 718 1397 Gallis
736 1361 1004 1397 tumultuatum
1025 1359 1158 1407 veritis,
1178 1361 1288 1409 quam
1319 1361 1422 1398 belli-

139 1420 323 1461 geratum.
378 1413 551 1458 Poenum,
573 1414 716 1450 hostem
749 1420 978 1455 veteranum,
1010 1413 1120 1448 trium
1141 1420 1179 1449 et
1199 1413 1328 1461 viginti
1358 1426 1423 1450 an-

140 1477 274 1502 norum
295 1465 428 1501 militia
448 1465 645 1501 durissima
666 1465 762 1501 inter
782 1465 972 1513 Hispanas
989 1472 1122 1512 gentes
1142 1477 1289 1513 semper
1307 1465 1422 1502 victo-

140 1529 231 1562 rem,
252 1517 414 1566 primum
444 1517 674 1560 Hamilcare,
704 1517 842 1553 deinde
872 1516 1122 1560 Hasdrubale,
1150 1529 1253 1553 nunc
1275 1517 1422 1553 Hanni-

140 1568 223 1605 bale
243 1570 341 1605 duce
361 1569 543 1606 acerrimo
563 1576 764 1613 assuetum,
799 1575 990 1605 recentem
1012 1568 1058 1604 ab
1078 1569 1246 1605 exscidio
1265 1569 1467 1617 opulen-25

140 1620 294 1657 tissimae
324 1621 437 1666 urbis,
468 1621 621 1657 Iberum
642 1621 825 1657 transire:
867 1620 1015 1657 trahere
1045 1632 1174 1656 secum
1202 1628 1255 1656 tot
1274 1621 1422 1658 excitos

142 1673 399 1721 Hispanorum
419 1673 599 1721 populos;
642 1673 878 1709 conciturum
913 1672 1041 1708 avidas
1065 1685 1212 1720 semper
1233 1685 1421 1710 armorum

140 1725 306 1761 Gallicas
333 1733 487 1774 gentes:
534 1737 622 1761 cum
654 1725 743 1761 orbe
773 1732 954 1760 terrarum
985 1723 1124 1760 bellum
1143 1725 1353 1773 gerendum
1381 1725 1421 1762 in

142 1777 250 1813 Italia
270 1790 316 1814 ac
334 1790 400 1826 pro
420 1776 608 1813 moenibus
628 1776 814 1813 Romanis
833 1789 927 1813 esse.

194 1880 327 1917 XVII.
357 1880 572 1918 Nominatae
588 1881 665 1929 jam
686 1888 797 1917 antea
816 1881 1036 1917 consulibus
1065 1880 1267 1929 provinciae
1288 1888 1395 1918 erant
1409 1894 1419 1926 3
1433 1894 1467 1919 3ο

141 1940 220 1970 tum
249 1932 369 1969 sortiri
395 1933 499 1981 jussi.
573 1933 750 1969 Cornelio
795 1933 993 1980 Hispania,
1037 1933 1260 1980 Sempronio
1288 1933 1422 1970 Africa

141 1997 229 2021 cum
249 1984 377 2021 Sicilia
397 1984 533 2021 evenit.
591 1985 669 2020 Sex
695 1984 733 2020 in
763 1996 849 2020 eum
879 1997 1019 2020 annum
1049 1985 1210 2020 decretae
1240 1984 1418 2033 legiones,

141 2044 178 2073 et
198 2037 340 2073 socium
360 2044 540 2084 quantum
561 2036 650 2084 ipsis
681 2036 879 2081 videretur,
908 2043 945 2072 et
976 2036 1107 2072 classis
1139 2044 1279 2084 quanta
1298 2038 1419 2085 parari

141 2096 276 2137 posset.
349 2088 525 2128 Quatuor
553 2096 591 2124 et
619 2088 750 2136 viginti
789 2088 956 2136 peditum
998 2088 1261 2124 Romanorum
1303 2089 1421 2125 millia

142 2148 230 2177 sunt
249 2140 400 2189 scripta,
416 2147 453 2177 et
473 2140 573 2176 mille
592 2140 800 2189 octingenti
834 2140 977 2187 equites
995 2153 1002 2176 :
1047 2140 1232 2176 sociorum
1263 2141 1464 2188 quadra-3⁵

141 2193 247 2241 ginta
266 2193 382 2228 millia
400 2192 582 2241 peditum,
602 2200 758 2240 quatuor
779 2191 894 2227 millia
913 2200 950 2228 et
969 2192 1232 2240 quadringenti
1250 2193 1418 2240 equites:

142 2257 257 2281 naves
279 2245 453 2281 ducentae
473 2244 603 2293 viginti
623 2244 922 2292 quinqueremes,
953 2244 1101 2280 celoces
1127 2244 1258 2292 viginti
1278 2245 1419 2281 deduc-

143 2303 202 2333 tae.
258 2296 394 2332 Latum
431 2296 520 2332 inde
557 2296 603 2332 ad
634 2296 824 2344 populum,
855 2299 879 2317 ‘⁶
896 2296 1046 2339 vellent,
1073 2295 1262 2344 juberent,
1283 2296 1419 2344 populo

145 2348 486 2397 “Carthaginiensi
508 2348 644 2384 bellum
665 2347 816 2383 indici.''
874 2347 1039 2395 Ejusque
1069 2347 1155 2383 belli
1189 2349 1304 2384 causa
1334 2360 1419 2396 sup-

144 2400 294 2449 plicatio
312 2413 377 2449 per
398 2400 528 2436 urbem
550 2400 687 2442 habita,
715 2409 825 2446 atque
858 2399 998 2436 adorati
1028 2400 1104 2446 Dii,
1125 2406 1166 2435 ut
1185 2399 1281 2436 bene
1301 2412 1346 2436 ac
1366 2399 1415 2435 fe·
1429 2412 1463 2437 40

143 2452 264 2490 liciter
293 2452 472 2499 eveniret,
511 2451 609 2500 quod
643 2451 780 2488 bellum
813 2451 970 2500 populus
1003 2452 1202 2488 Romanus
1234 2451 1415 2500 jussisset.
