1617 2765
193 188 243 224 40
717 186 807 217 ΤΙΤΙ
831 186 939 218 LIVII

195 293 273 317 mor
293 280 393 325 inde,
427 294 706 330 concursusque
738 283 877 331 populi,
908 283 1122 320 mirantium
1152 283 1240 332 quid
1274 282 1326 319 rei
1356 289 1464 319 esset.

194 332 380 382 Tanaquil
402 334 497 370 inter
521 335 720 370 tumultum
741 335 865 371 claudi
885 335 1025 384 regiam
1054 336 1174 385 jubet,
1208 336 1364 371 arbitros
1393 335 1467 383 eje-

194 385 270 421 cit:
300 386 424 429 simul,
445 399 526 434 quae
547 387 714 422 curando
743 387 886 423 vulneri
916 400 1008 435 opus
1037 395 1136 434 sunt,
1168 395 1355 435 tamquam
1381 399 1467 434 spes

193 437 374 483 subesset,
405 437 536 474 sedulo
570 446 785 486 comparat:
832 439 955 485 simul,
984 440 1014 476 si
1051 440 1228 476 destituat
1260 452 1357 487 spes,
1395 439 1467 474 alia

194 490 364 537 praesidia
384 490 544 526 molitur.
602 490 731 527 Servio
750 492 905 540 propere
926 492 1046 528 accito
1074 505 1187 540 quum
1209 504 1315 540 paene
1335 503 1467 526 exsan-
1496 499 1512 524 5

192 554 305 589 guem
326 542 443 578 virum
462 542 710 587 ostendissem
753 544 920 579 dextram
951 551 1084 580 tenens
1108 551 1199 589 orat,
1230 556 1277 579 ne
1309 543 1466 578 inultam

193 601 349 630 mortem
385 595 518 641 soceri,
555 607 602 630 ne
648 607 796 631 socrum
834 596 997 632 inimicis
1032 596 1191 632 ludibrio
1237 607 1319 631 esse
1356 595 1465 630 sinat.

193 647 216 667 ⁶<
234 646 363 682 Tuum
383 647 478 692 est,'’
498 646 630 694 inquit,
649 649 671 668 ‘⁴
687 648 806 690 Servi,
827 648 856 683 si
877 648 929 684 vir
948 661 1001 691 es,
1019 660 1175 696 regnum
1193 661 1202 692 ς
1233 660 1306 683 non
1324 659 1464 691 eorum,

192 698 216 718 “
233 698 295 745 qui
316 698 447 734 alienis
477 699 651 734 manibus
681 699 883 746 pessimum
915 700 1060 735 facinus
1090 700 1224 736 secure.
1281 699 1395 746 Erige
1415 707 1465 740 te,

194 751 216 770 “
236 750 408 798 Deosque
428 751 544 786 duces
564 763 733 798 sequere,
763 751 824 798 qui
858 751 1000 787 clarum
1021 752 1092 787 hoc
1113 751 1188 787 fore
1209 758 1321 798 caput
1340 750 1467 786 divino
1483 758 1512 782 10

192 803 215 822 “
232 802 418 849 quondam
439 802 668 838 circumfuso
688 802 765 850 igni
788 803 1067 850 portenderunt.
1124 803 1239 839 Nuuc
1256 811 1291 838 te
1312 802 1374 838 illa
1393 814 1468 837 coe-

191 853 334 889 “lestis
363 854 502 890 excitet
530 853 702 890 flamma:
742 867 844 890 nunc
876 855 1136 903 expergiscere
1169 854 1268 891 vere.
1325 853 1374 890 Et
1399 866 1468 889 nos

191 906 420 955 “peregrini
440 906 691 955 regnavimus.
747 906 828 945 Qui
858 907 921 953 sis,
952 920 1026 943 non
1060 907 1160 943 unde
1190 914 1299 943 natus
1319 906 1381 948 sis,
1412 918 1468 942 re-

191 963 213 979 ⁴‘
231 965 331 1006 puta.
389 958 429 994 Si
450 966 514 994 tua
533 971 571 994 re
585 958 708 994 subita
724 959 881 995 consilia
894 967 1052 1007 torpent,
1067 966 1102 995 at
1119 966 1157 995 tu
1173 972 1255 995 mea
1270 957 1466 1006 sequere.”

190 1010 323 1049 Quum
343 1011 483 1047 clamor
503 1010 735 1058 impetusque
764 1011 1013 1047 multitudinis
1045 1011 1106 1047 vix
1136 1011 1310 1047 sustineri
1331 1016 1466 1059 posset,
1482 1020 1510 1045 15

191 1075 236 1098 ex
256 1063 445 1110 superiore
462 1070 565 1111 parte
585 1062 721 1098 aedium
742 1076 804 1111 per
834 1062 1027 1107 fenestras,
1049 1063 1085 1099 in
1107 1063 1253 1100 Novam
1274 1063 1369 1099 viam
1390 1074 1468 1097 ver-

191 1128 250 1151 sas
272 1113 480 1163 (habitabat
498 1115 599 1150 enim
620 1127 684 1150 rex
704 1115 750 1150 ad
784 1115 887 1151 Jovis
921 1116 1110 1166 Statoris),
1144 1116 1320 1164 populum
1341 1116 1468 1151 Tana-

190 1167 265 1214 quil
296 1167 515 1214 alloquitur:
551 1166 658 1214 jubet
688 1167 822 1203 “bono
851 1167 977 1203 animo
1009 1180 1113 1211 esse3
1159 1168 1320 1216 sopitum
1350 1167 1465 1203 fuisse

191 1221 359 1267 “regem
389 1219 512 1255 subito
545 1218 645 1254 ictu:
686 1219 823 1256 serrum
858 1220 955 1255 haud
989 1219 1061 1256 alte
1092 1219 1130 1256 in
1159 1232 1293 1268 corpus
1311 1220 1468 1255 descen-

191 1273 214 1292 “
232 1271 354 1308 disse:
390 1270 467 1320 jam
498 1271 544 1306 ad
577 1282 616 1306 se
636 1271 789 1308 redisse.
862 1271 1081 1320 Inspectum
1119 1272 1265 1318 vulnus,
1298 1272 1511 1307 abstersom

190 1326 213 1345 “
231 1335 375 1360 cruore.
431 1323 573 1359 Omnia
591 1323 755 1359 salubria
773 1336 854 1360 esse
872 1336 880 1360 ε
917 1324 1121 1366 confidere,
1154 1336 1266 1372 prope
1290 1324 1389 1360 diem
1410 1323 1467 1371 ip-

191 1378 315 1411 “sum
333 1387 398 1411 eos
416 1375 570 1411 visuros.
627 1375 783 1411 Interim
816 1376 945 1412 Servio
973 1375 1103 1413 Tullio
1128 1376 1261 1424 jubere
1288 1376 1467 1424 populum

190 1431 214 1450 ‘⁴
231 1428 332 1464 dicto
351 1427 567 1463 audientem
586 1440 680 1463 esse.
718 1427 815 1464 Eum
833 1428 917 1476 jura
937 1428 1182 1471 redditurum,
1202 1428 1467 1476 obiturumque

190 1483 212 1502 “
231 1480 303 1515 alia
322 1480 420 1528 regis
439 1479 569 1515 munia
587 1479 708 1518 esseJ'
765 1480 918 1516 Servius
936 1492 1023 1515 curu
1044 1480 1173 1516 trabea
1204 1487 1241 1516 et
1270 1480 1465 1516 lictoribus

190 1532 333 1581 prodit;
373 1544 428 1576 ac,
450 1531 538 1567 sede
557 1531 659 1579 regia
679 1531 828 1574 sedens,
861 1531 932 1567 alia
952 1531 1134 1578 decernit,
1155 1532 1201 1567 de
1221 1531 1302 1568 aliis
1321 1535 1512 1570 consul-25

190 1593 313 1621 turum
343 1596 382 1619 se
415 1595 543 1632 regem
580 1595 662 1618 esse
695 1583 856 1619 simulat.
930 1583 1075 1631 Itaque,
1112 1596 1177 1631 per
1213 1583 1351 1631 aliquot
1385 1584 1467 1620 dies

192 1637 323 1685 (quum
340 1635 418 1684 jam
437 1635 662 1683 exspirasset
674 1635 923 1685 Tarquinius)
941 1635 1062 1671 celata
1082 1643 1211 1678 morte,
1225 1648 1289 1683 per
1301 1636 1511 1684 speciem?

190 1689 321 1725 alienae
343 1688 544 1736 fungendae
565 1687 656 1722 vicis
675 1700 760 1723 suas
779 1700 868 1735 opes
899 1687 1082 1723 firmavit:
1132 1694 1210 1723 tum
1231 1687 1385 1724 demum
1406 1703 1467 1737 pa-
1487 1695 1504 1722 5²

190 1741 261 1777 lzim
284 1740 394 1786 facto,
414 1746 452 1775 et
470 1739 762 1787 comploratione
784 1739 821 1775 in
851 1739 955 1788 regia
984 1740 1077 1782 orta,
1109 1739 1274 1785 Servius,
1294 1741 1467 1787 praesidio
1487 1736 1511 1782 Ξ

190 1793 295 1829 firmo
315 1792 496 1834 munitus,
517 1791 657 1839 primus
676 1791 818 1840 injussu
839 1791 977 1840 populi,
1005 1792 1194 1828 voluntate
1214 1791 1365 1828 Patrum
1385 1805 1467 1842 reg·
1486 1827 1503 1843 ‚

189 1845 301 1881 navit.
360 1844 462 1880 Anci
491 1843 612 1886 liberi,
645 1843 722 1892 jam
752 1850 830 1879 tum
867 1843 1149 1891 comprehensis
1178 1843 1330 1879 sceleris
1359 1846 1504 1885 mini-1„

189 1897 284 1940 stris,
308 1903 347 1932 ut
366 1896 488 1931 vivere
508 1907 648 1942 regem,
683 1902 720 1931 et
745 1903 867 1931 tantas
885 1908 967 1931 esse
986 1908 1075 1943 opes
1106 1895 1225 1932 Servii
1253 1895 1465 1934 nuntiatum
1486 1891 1511 1941 ἐζ

189 1956 256 1995 est,
278 1949 456 1985 Suessam
477 1946 683 1983 Pometiam
703 1947 914 1983 exsulatum
934 1947 1064 1983 ierant.
1478 1943 1512 1981 Ξ

241 2052 370 2090 XLII.
407 2051 493 2089 Nec
520 2050 596 2100 jam
616 2051 777 2099 publicis
810 2051 929 2100 magis
958 2050 1125 2087 consiliis
1155 2051 1320 2095 Servius,
1353 2053 1465 2101 quarn

188 2106 353 2154 privatis,
374 2104 520 2140 munire
542 2116 654 2151 opes:
691 2110 729 2140 et
757 2116 818 2150 ne,
851 2103 970 2151 qualis
996 2103 1097 2139 Anci
1127 2103 1283 2140 liberum
1318 2107 1466 2143 animus
1478 2114 1512 2140 3⁵

189 2158 366 2194 adversus
399 2156 653 2204 Tarquinium
687 2155 818 2198 fuerat,
855 2155 939 2191 talis
975 2156 1153 2191 adversus
1189 2168 1228 2191 se
1265 2156 1466 2205 Tarquinii

189 2210 345 2245 liberum
365 2215 475 2253 esset,
496 2208 589 2243 duas
609 2207 702 2244 filias
717 2207 918 2256 juvenibus
933 2207 1056 2255 regiis,
1075 2207 1195 2244 Lucio
1210 2215 1319 2256 atque
1342 2211 1466 2246 Arun-

190 2262 215 2297 ti
245 2260 478 2309 Tarquiniis,
505 2259 640 2308 jungit.
709 2259 793 2296 Nec
823 2259 921 2307 rupit
949 2268 1076 2295 tamen
1107 2260 1169 2296 sati
1200 2261 1465 2299 necessitatem

190 2313 363 2349 humanis
383 2312 560 2356 consiliis,
581 2311 670 2359 quin
705 2311 845 2348 invidia
873 2311 992 2359 regni,
1022 2311 1134 2347 etiam
1161 2311 1256 2348 inter
1290 2313 1465 2350 domesti-

189 2378 265 2411 COS,
299 2364 416 2401 infida
444 2363 571 2399 omnia
603 2371 712 2412 atque
742 2363 876 2399 infesta
898 2363 1048 2399 faceret.
1116 2363 1395 2412 Peropportune
1417 2365 1462 2401 ad
1476 2373 1509 2397 40

189 2417 382 2465 praesentis
400 2416 563 2464 quietem
583 2417 698 2451 status
721 2415 858 2451 bellum
886 2427 972 2450 cum
994 2415 1217 2463 Vejentibus
1249 2416 1342 2465 (jam
1361 2417 1463 2453 enim

190 2469 352 2506 indueiae
372 2468 558 2518 exierant)
590 2467 744 2515 aliisque
775 2467 945 2504 Etruscis
975 2477 1177 2516 sumptum.
1235 2467 1279 2504 In
1303 2480 1347 2505 eo
1367 2467 1464 2506 bello
