<?xml version="1.0" encoding="UTF-8"?>
<!DOCTYPE html PUBLIC "-//W3C//DTD XHTML 1.0 Transitional//EN"
    "http://www.w3.org/TR/xhtml1/DTD/xhtml1-transitional.dtd">
<html xmlns="http://www.w3.org/1999/xhtml" xml:lang="en" lang="en">
 <head>
  <title>
</title>
<meta http-equiv="Content-Type" content="text/html;charset=utf-8" />
  <meta name='ocr-system' content='tesseract 3.04.00' />
  <meta name='ocr-capabilities' content='ocr_page ocr_carea ocr_par ocr_line ocrx_word'/>
</head>
<body>
  <div class='ocr_page' id='page_1' title='image "./historiarumliber00livyuoft_0166.png"; bbox 0 0 1617 2765; ppageno 0'>
   <div class='ocr_carea' id='block_1_1' title="bbox 135 195 885 233">
    <p class='ocr_par' dir='ltr' id='par_1_1' title="bbox 135 195 885 233">
     <span class='ocr_line' id='line_1_1' title="bbox 135 195 885 233; baseline -0.005 0"><span class='ocrx_word' id='word_1_1' title='bbox 135 195 209 233; x_wconf 78' lang='grc'>148</span> <span class='ocrx_word' id='word_1_2' title='bbox 660 197 702 228; x_wconf 63' lang='lat'>&#39;1³1</span> <span class='ocrx_word' id='word_1_3' title='bbox 707 198 751 229; x_wconf 94' lang='lat' dir='ltr'>TI</span> <span class='ocrx_word' id='word_1_4' title='bbox 775 198 885 230; x_wconf 88' lang='lat' dir='ltr'>LIVII</span> 
     </span>
    </p>
   </div>
   <div class='ocr_carea' id='block_1_2' title="bbox 127 288 1457 1694">
    <p class='ocr_par' dir='ltr' id='par_1_2' title="bbox 127 288 1457 1694">
     <span class='ocr_line' id='line_1_2' title="bbox 131 288 1408 341; baseline 0.003 -15"><span class='ocrx_word' id='word_1_5' title='bbox 131 288 171 326; x_wconf 88' lang='lat' dir='ltr'>in</span> <span class='ocrx_word' id='word_1_6' title='bbox 191 289 328 337; x_wconf 89' lang='lat' dir='ltr'>medio,</span> <span class='ocrx_word' id='word_1_7' title='bbox 349 302 517 340; x_wconf 88' lang='lat' dir='ltr'>campus,</span> <span class='ocrx_word' id='word_1_8' title='bbox 540 291 717 328; x_wconf 91' lang='lat' dir='ltr'>herbidus</span> <span class='ocrx_word' id='word_1_9' title='bbox 738 304 983 340; x_wconf 82' lang='lat' dir='ltr'>aquosusque,</span> <span class='ocrx_word' id='word_1_10' title='bbox 1015 304 1080 341; x_wconf 89' lang='lat' dir='ltr'>per</span> <span class='ocrx_word' id='word_1_11' title='bbox 1109 306 1218 341; x_wconf 91' lang='lat' dir='ltr'>quem</span> <span class='ocrx_word' id='word_1_12' title='bbox 1241 293 1408 330; x_wconf 85' lang='lat' dir='ltr'>medium</span> 
     </span>
     <span class='ocr_line' id='line_1_3' title="bbox 131 341 1408 394; baseline 0.004 -17"><span class='ocrx_word' id='word_1_13' title='bbox 131 341 201 377; x_wconf 84' lang='lat' dir='ltr'>iter</span> <span class='ocrx_word' id='word_1_14' title='bbox 220 349 287 378; x_wconf 89' lang='lat' dir='ltr'>est.</span> <span class='ocrx_word' id='word_1_15' title='bbox 345 343 420 379; x_wconf 85' lang='lat' dir='ltr'>Sed</span> <span class='ocrx_word' id='word_1_16' title='bbox 441 344 541 390; x_wconf 75' lang='lat' dir='ltr'>ante,</span> <span class='ocrx_word' id='word_1_17' title='bbox 561 345 669 392; x_wconf 71' lang='lat' dir='ltr'>quam</span> <span class='ocrx_word' id='word_1_18' title='bbox 691 345 819 380; x_wconf 86' lang='lat' dir='ltr'>venias</span> <span class='ocrx_word' id='word_1_19' title='bbox 852 345 898 380; x_wconf 88' lang='lat' dir='ltr'>ad</span> <span class='ocrx_word' id='word_1_20' title='bbox 931 357 1031 387; x_wconf 89' lang='lat' dir='ltr'>eum,</span> <span class='ocrx_word' id='word_1_21' title='bbox 1067 343 1250 382; x_wconf 62' lang='lat' dir='ltr'>intrandae</span> <span class='ocrx_word' id='word_1_22' title='bbox 1278 345 1408 394; x_wconf 85' lang='lat' dir='ltr'>primae</span> 
     </span>
     <span class='ocr_line' id='line_1_4' title="bbox 130 394 1410 444; baseline 0.004 -15"><span class='ocrx_word' id='word_1_23' title='bbox 130 394 314 442; x_wconf 82' lang='lat' dir='ltr'>angustiae</span> <span class='ocrx_word' id='word_1_24' title='bbox 333 403 444 440; x_wconf 90' lang='lat' dir='ltr'>sunt;</span> <span class='ocrx_word' id='word_1_25' title='bbox 474 403 512 432; x_wconf 91' lang='lat' dir='ltr'>et</span> <span class='ocrx_word' id='word_1_26' title='bbox 531 404 594 432; x_wconf 87' lang='lat' dir='ltr'>aut</span> <span class='ocrx_word' id='word_1_27' title='bbox 613 397 759 439; x_wconf 89' lang='lat' dir='ltr'>eadem,</span> <span class='ocrx_word' id='word_1_28' title='bbox 792 397 866 444; x_wconf 67' lang='lat' dir='ltr'>qua</span> <span class='ocrx_word' id='word_1_29' title='bbox 895 404 931 433; x_wconf 87' lang='lat' dir='ltr'>te</span> <span class='ocrx_word' id='word_1_30' title='bbox 952 397 1212 440; x_wconf 84' lang='lat' dir='ltr'>insinuaveris,</span> <span class='ocrx_word' id='word_1_31' title='bbox 1234 406 1330 434; x_wconf 87' lang='lat' dir='ltr'>retro</span> <span class='ocrx_word' id='word_1_32' title='bbox 1351 398 1410 434; x_wconf 81' lang='lat' dir='ltr'>via</span> 
     </span>
     <span class='ocr_line' id='line_1_5' title="bbox 129 447 1410 497; baseline 0.003 -16"><span class='ocrx_word' id='word_1_33' title='bbox 129 447 360 494; x_wconf 85' lang='lat' dir='ltr'>repetenda3</span> <span class='ocrx_word' id='word_1_34' title='bbox 391 455 466 490; x_wconf 89' lang='lat' dir='ltr'>aut,</span> <span class='ocrx_word' id='word_1_35' title='bbox 487 448 517 484; x_wconf 84' lang='lat' dir='ltr'>si</span> <span class='ocrx_word' id='word_1_36' title='bbox 539 448 591 484; x_wconf 92' lang='lat' dir='ltr'>ire</span> <span class='ocrx_word' id='word_1_37' title='bbox 611 461 718 496; x_wconf 90' lang='lat' dir='ltr'>porro</span> <span class='ocrx_word' id='word_1_38' title='bbox 739 461 884 497; x_wconf 77' lang='lat' dir='ltr'>pergas,</span> <span class='ocrx_word' id='word_1_39' title='bbox 905 461 970 497; x_wconf 90' lang='lat' dir='ltr'>per</span> <span class='ocrx_word' id='word_1_40' title='bbox 998 449 1112 485; x_wconf 86' lang='lat' dir='ltr'>alium</span> <span class='ocrx_word' id='word_1_41' title='bbox 1143 450 1276 485; x_wconf 86' lang='lat' dir='ltr'>saltum</span> <span class='ocrx_word' id='word_1_42' title='bbox 1299 449 1410 485; x_wconf 82' lang='lat' dir='ltr'>arcti-</span> 
     </span>
     <span class='ocr_line' id='line_1_6' title="bbox 128 498 1455 550; baseline 0.003 -17"><span class='ocrx_word' id='word_1_43' title='bbox 128 509 231 534; x_wconf 87' lang='lat' dir='ltr'>orem</span> <span class='ocrx_word' id='word_1_44' title='bbox 265 498 613 548; x_wconf 81' lang='lat' dir='ltr'>impeditioremque</span> <span class='ocrx_word' id='word_1_45' title='bbox 644 501 891 536; x_wconf 82' lang='lat' dir='ltr'>ev.adendum</span> <span class='ocrx_word' id='word_1_46' title='bbox 949 500 993 537; x_wconf 90' lang='lat' dir='ltr'>In</span> <span class='ocrx_word' id='word_1_47' title='bbox 1023 513 1109 537; x_wconf 89' lang='lat' dir='ltr'>eum</span> <span class='ocrx_word' id='word_1_48' title='bbox 1144 514 1319 550; x_wconf 88' lang='lat' dir='ltr'>campum</span> <span class='ocrx_word' id='word_1_49' title='bbox 1349 501 1410 537; x_wconf 83' lang='lat' dir='ltr'>via</span> <span class='ocrx_word' id='word_1_50' title='bbox 1438 511 1455 537; x_wconf 87' lang='lat'>5</span> 
     </span>
     <span class='ocr_line' id='line_1_7' title="bbox 129 549 1410 610; baseline 0.003 -25"><span class='ocrx_word' id='word_1_51' title='bbox 129 549 201 585; x_wconf 84' lang='lat' dir='ltr'>alia</span> <span class='ocrx_word' id='word_1_52' title='bbox 232 563 297 598; x_wconf 92' lang='lat' dir='ltr'>per</span> <span class='ocrx_word' id='word_1_53' title='bbox 326 563 456 587; x_wconf 82' lang='lat' dir='ltr'>cavam</span> <span class='ocrx_word' id='word_1_54' title='bbox 490 565 621 610; x_wconf 88' lang='lat' dir='ltr'>rupem</span> <span class='ocrx_word' id='word_1_55' title='bbox 641 552 820 598; x_wconf 84' lang='lat' dir='ltr'>Romani,</span> <span class='ocrx_word' id='word_1_56' title='bbox 852 553 1014 589; x_wconf 85' lang='lat' dir='ltr'>demisso</span> <span class='ocrx_word' id='word_1_57' title='bbox 1034 553 1198 601; x_wconf 80' lang='lat' dir='ltr'>agmine,</span> <span class='ocrx_word' id='word_1_58' title='bbox 1218 566 1332 601; x_wconf 88' lang='lat' dir='ltr'>quum</span> <span class='ocrx_word' id='word_1_59' title='bbox 1363 553 1410 589; x_wconf 89' lang='lat' dir='ltr'>ad</span> 
     </span>
     <span class='ocr_line' id='line_1_8' title="bbox 130 583 1408 661; baseline 0.003 -24"><span class='ocrx_word' id='word_1_60' title='bbox 130 601 222 638; x_wconf 88' lang='lat' dir='ltr'>alias</span> <span class='ocrx_word' id='word_1_61' title='bbox 241 604 434 651; x_wconf 82' lang='lat' dir='ltr'>angustias</span> <span class='ocrx_word' id='word_1_62' title='bbox 452 605 621 661; x_wconf 39' lang='lat' dir='ltr'>prot-inus</span> <span class='ocrx_word' id='word_1_63' title='bbox 652 583 865 653; x_wconf 80' lang='lat' dir='ltr'><strong>pergerent,</strong></span> <span class='ocrx_word' id='word_1_64' title='bbox 898 612 1022 652; x_wconf 87' lang='lat' dir='ltr'>septas</span> <span class='ocrx_word' id='word_1_65' title='bbox 1050 606 1199 654; x_wconf 86' lang='lat' dir='ltr'>dejectu</span> <span class='ocrx_word' id='word_1_66' title='bbox 1221 606 1408 648; x_wconf 88' lang='lat' dir='ltr'>arborum,</span> 
     </span>
     <span class='ocr_line' id='line_1_9' title="bbox 128 656 1410 704; baseline 0.002 -14"><span class='ocrx_word' id='word_1_67' title='bbox 128 665 375 702; x_wconf 85' lang='lat' dir='ltr'>saxorumque</span> <span class='ocrx_word' id='word_1_68' title='bbox 396 656 605 704; x_wconf 82' lang='lat' dir='ltr'>ingentium</span> <span class='ocrx_word' id='word_1_69' title='bbox 626 656 862 704; x_wconf 85' lang='lat' dir='ltr'>objacentem</span> <span class='ocrx_word' id='word_1_70' title='bbox 884 657 1019 693; x_wconf 91' lang='lat' dir='ltr'>molem</span> <span class='ocrx_word' id='word_1_71' title='bbox 1041 656 1229 694; x_wconf 70' lang='lat' dir='ltr'>invenere.</span> <span class='ocrx_word' id='word_1_72' title='bbox 1275 657 1410 696; x_wconf 78' lang='lat' dir='ltr'>Quum</span> 
     </span>
     <span class='ocr_line' id='line_1_10' title="bbox 129 705 1411 756; baseline 0.004 -15"><span class='ocrx_word' id='word_1_73' title='bbox 129 705 230 742; x_wconf 81' lang='lat' dir='ltr'>fraus</span> <span class='ocrx_word' id='word_1_74' title='bbox 251 707 393 744; x_wconf 81' lang='lat' dir='ltr'>hostilis</span> <span class='ocrx_word' id='word_1_75' title='bbox 418 708 663 756; x_wconf 84' lang='lat' dir='ltr'>apparuisset,</span> <span class='ocrx_word' id='word_1_76' title='bbox 684 708 897 756; x_wconf 80' lang='lat' dir='ltr'>praesidium</span> <span class='ocrx_word' id='word_1_77' title='bbox 931 709 1044 744; x_wconf 88' lang='lat' dir='ltr'>etiam</span> <span class='ocrx_word' id='word_1_78' title='bbox 1078 709 1116 745; x_wconf 86' lang='lat' dir='ltr'>in</span> <span class='ocrx_word' id='word_1_79' title='bbox 1150 722 1296 747; x_wconf 88' lang='lat' dir='ltr'>summo</span> <span class='ocrx_word' id='word_1_80' title='bbox 1315 709 1411 746; x_wconf 84' lang='lat' dir='ltr'>saltu</span> 
     </span>
     <span class='ocr_line' id='line_1_11' title="bbox 128 758 1456 810; baseline 0.003 -17"><span class='ocrx_word' id='word_1_81' title='bbox 128 758 372 806; x_wconf 81' lang='lat' dir='ltr'>conspicitur.</span> <span class='ocrx_word' id='word_1_82' title='bbox 430 760 545 796; x_wconf 90' lang='lat' dir='ltr'>Citati</span> <span class='ocrx_word' id='word_1_83' title='bbox 566 760 654 795; x_wconf 88' lang='lat' dir='ltr'>inde</span> <span class='ocrx_word' id='word_1_84' title='bbox 683 766 794 805; x_wconf 89' lang='lat' dir='ltr'>retro,</span> <span class='ocrx_word' id='word_1_85' title='bbox 815 772 888 807; x_wconf 78' lang='lat' dir='ltr'>qua</span> <span class='ocrx_word' id='word_1_86' title='bbox 915 768 1108 806; x_wconf 85' lang='lat' dir='ltr'>venerant,</span> <span class='ocrx_word' id='word_1_87' title='bbox 1128 770 1289 809; x_wconf 86' lang='lat' dir='ltr'>pergunt</span> <span class='ocrx_word' id='word_1_88' title='bbox 1308 774 1412 810; x_wconf 88' lang='lat' dir='ltr'>repe·</span> <span class='ocrx_word' id='word_1_89' title='bbox 1426 773 1456 797; x_wconf 92' lang='lat'>10</span> 
     </span>
     <span class='ocr_line' id='line_1_12' title="bbox 128 810 1412 861; baseline 0.004 -17"><span class='ocrx_word' id='word_1_90' title='bbox 128 815 206 845; x_wconf 85' lang='lat' dir='ltr'>tere</span> <span class='ocrx_word' id='word_1_91' title='bbox 227 810 347 845; x_wconf 87' lang='lat' dir='ltr'>viam.</span> <span class='ocrx_word' id='word_1_92' title='bbox 389 823 472 847; x_wconf 91' lang='lat' dir='ltr'>eam</span> <span class='ocrx_word' id='word_1_93' title='bbox 493 823 638 859; x_wconf 90' lang='lat' dir='ltr'>quoque</span> <span class='ocrx_word' id='word_1_94' title='bbox 659 811 826 847; x_wconf 85' lang='lat' dir='ltr'>clausam</span> <span class='ocrx_word' id='word_1_95' title='bbox 847 824 914 847; x_wconf 88' lang='lat' dir='ltr'>sua</span> <span class='ocrx_word' id='word_1_96' title='bbox 933 812 1041 848; x_wconf 89' lang='lat' dir='ltr'>obice</span> <span class='ocrx_word' id='word_1_97' title='bbox 1062 812 1248 861; x_wconf 89' lang='lat' dir='ltr'>armisque</span> <span class='ocrx_word' id='word_1_98' title='bbox 1268 813 1412 849; x_wconf 82' lang='lat' dir='ltr'>inveni-</span> 
     </span>
     <span class='ocr_line' id='line_1_13' title="bbox 128 862 1412 914; baseline 0.003 -17"><span class='ocrx_word' id='word_1_99' title='bbox 128 868 208 897; x_wconf 88' lang='lat' dir='ltr'>unt.</span> <span class='ocrx_word' id='word_1_100' title='bbox 266 862 413 899; x_wconf 83' lang='lat' dir='ltr'>Sistunt</span> <span class='ocrx_word' id='word_1_101' title='bbox 432 863 520 899; x_wconf 88' lang='lat' dir='ltr'>inde</span> <span class='ocrx_word' id='word_1_102' title='bbox 540 864 699 912; x_wconf 86' lang='lat' dir='ltr'>gradum</span> <span class='ocrx_word' id='word_1_103' title='bbox 729 864 810 900; x_wconf 89' lang='lat' dir='ltr'>sine</span> <span class='ocrx_word' id='word_1_104' title='bbox 840 864 951 899; x_wconf 90' lang='lat' dir='ltr'>ullius</span> <span class='ocrx_word' id='word_1_105' title='bbox 983 864 1163 912; x_wconf 85' lang='lat' dir='ltr'>imperio:</span> <span class='ocrx_word' id='word_1_106' title='bbox 1211 871 1412 914; x_wconf 81' lang='lat' dir='ltr'>stuporque</span> 
     </span>
     <span class='ocr_line' id='line_1_14' title="bbox 127 913 1413 964; baseline 0.003 -15"><span class='ocrx_word' id='word_1_107' title='bbox 127 913 297 950; x_wconf 90' lang='lat' dir='ltr'>omnium</span> <span class='ocrx_word' id='word_1_108' title='bbox 318 915 474 961; x_wconf 87' lang='lat' dir='ltr'>animos,</span> <span class='ocrx_word' id='word_1_109' title='bbox 509 928 553 952; x_wconf 88' lang='lat' dir='ltr'>ac</span> <span class='ocrx_word' id='word_1_110' title='bbox 586 916 688 952; x_wconf 85' lang='lat' dir='ltr'>velut</span> <span class='ocrx_word' id='word_1_111' title='bbox 716 923 838 964; x_wconf 91' lang='lat' dir='ltr'>torpor</span> <span class='ocrx_word' id='word_1_112' title='bbox 867 916 1019 964; x_wconf 84' lang='lat' dir='ltr'>quidam</span> <span class='ocrx_word' id='word_1_113' title='bbox 1054 916 1225 953; x_wconf 87' lang='lat' dir='ltr'>insolitus</span> <span class='ocrx_word' id='word_1_114' title='bbox 1244 917 1413 954; x_wconf 85' lang='lat' dir='ltr'>membra.</span> 
     </span>
     <span class='ocr_line' id='line_1_15' title="bbox 128 966 1411 1025; baseline 0.003 -24"><span class='ocrx_word' id='word_1_115' title='bbox 128 971 254 1002; x_wconf 87' lang='lat' dir='ltr'>tenet.</span> <span class='ocrx_word' id='word_1_116' title='bbox 284 966 548 1025; x_wconf 81' lang='lat' dir='ltr'>intuentesque</span> <span class='ocrx_word' id='word_1_117' title='bbox 569 967 631 1004; x_wconf 86' lang='lat' dir='ltr'>alii</span> <span class='ocrx_word' id='word_1_118' title='bbox 658 968 750 1004; x_wconf 87' lang='lat' dir='ltr'>alios</span> <span class='ocrx_word' id='word_1_119' title='bbox 782 968 914 1015; x_wconf 90' lang='lat' dir='ltr'>(quum</span> <span class='ocrx_word' id='word_1_120' title='bbox 945 968 1100 1005; x_wconf 85' lang='lat' dir='ltr'>alterum</span> <span class='ocrx_word' id='word_1_121' title='bbox 1134 969 1289 1017; x_wconf 88' lang='lat' dir='ltr'>quisque</span> <span class='ocrx_word' id='word_1_122' title='bbox 1311 982 1411 1006; x_wconf 89' lang='lat' dir='ltr'>com-</span> 
     </span>
     <span class='ocr_line' id='line_1_16' title="bbox 128 1019 1456 1070; baseline 0.003 -16"><span class='ocrx_word' id='word_1_123' title='bbox 128 1024 254 1066; x_wconf 82' lang='lat' dir='ltr'>potem</span> <span class='ocrx_word' id='word_1_124' title='bbox 283 1019 404 1067; x_wconf 87' lang='lat' dir='ltr'>magis</span> <span class='ocrx_word' id='word_1_125' title='bbox 433 1020 570 1056; x_wconf 85' lang='lat' dir='ltr'>mentis</span> <span class='ocrx_word' id='word_1_126' title='bbox 610 1032 655 1056; x_wconf 88' lang='lat' dir='ltr'>ac</span> <span class='ocrx_word' id='word_1_127' title='bbox 683 1020 831 1056; x_wconf 87' lang='lat' dir='ltr'>consilii</span> <span class='ocrx_word' id='word_1_128' title='bbox 861 1020 1062 1070; x_wconf 85' lang='lat' dir='ltr'>ducerent)</span> <span class='ocrx_word' id='word_1_129' title='bbox 1106 1020 1171 1056; x_wconf 91' lang='lat' dir='ltr'>diu</span> <span class='ocrx_word' id='word_1_130' title='bbox 1201 1021 1410 1058; x_wconf 84' lang='lat' dir='ltr'>immobiles</span> <span class='ocrx_word' id='word_1_131' title='bbox 1426 1033 1456 1058; x_wconf 86' lang='lat'>15</span> 
     </span>
     <span class='ocr_line' id='line_1_17' title="bbox 129 1069 1412 1121; baseline 0.004 -16"><span class='ocrx_word' id='word_1_132' title='bbox 129 1069 251 1106; x_wconf 86' lang='lat' dir='ltr'>silent.</span> <span class='ocrx_word' id='word_1_133' title='bbox 308 1071 458 1108; x_wconf 88' lang='lat' dir='ltr'>Deinde</span> <span class='ocrx_word' id='word_1_134' title='bbox 480 1072 542 1108; x_wconf 91' lang='lat' dir='ltr'>ubi</span> <span class='ocrx_word' id='word_1_135' title='bbox 563 1073 734 1120; x_wconf 82' lang='lat' dir='ltr'>praetoria</span> <span class='ocrx_word' id='word_1_136' title='bbox 753 1072 950 1109; x_wconf 85' lang='lat' dir='ltr'>consulum</span> <span class='ocrx_word' id='word_1_137' title='bbox 980 1073 1073 1121; x_wconf 85' lang='lat' dir='ltr'>erigi</span> <span class='ocrx_word' id='word_1_138' title='bbox 1107 1073 1244 1118; x_wconf 66' lang='lat' dir='ltr'>videre,</span> <span class='ocrx_word' id='word_1_139' title='bbox 1284 1081 1321 1109; x_wconf 92' lang='lat' dir='ltr'>et</span> <span class='ocrx_word' id='word_1_140' title='bbox 1349 1086 1412 1110; x_wconf 78' lang='lat' dir='ltr'>ex·</span> 
     </span>
     <span class='ocr_line' id='line_1_18' title="bbox 128 1122 1411 1172; baseline 0.003 -15"><span class='ocrx_word' id='word_1_141' title='bbox 128 1122 257 1169; x_wconf 87' lang='lat' dir='ltr'>pedire</span> <span class='ocrx_word' id='word_1_142' title='bbox 277 1124 458 1171; x_wconf 85' lang='lat' dir='ltr'>quosdam</span> <span class='ocrx_word' id='word_1_143' title='bbox 479 1124 584 1160; x_wconf 90' lang='lat' dir='ltr'>utilia</span> <span class='ocrx_word' id='word_1_144' title='bbox 603 1124 718 1172; x_wconf 89' lang='lat' dir='ltr'>operi,</span> <span class='ocrx_word' id='word_1_145' title='bbox 738 1137 964 1172; x_wconf 83' lang='lat' dir='ltr'>quamquam</span> <span class='ocrx_word' id='word_1_146' title='bbox 998 1124 1159 1161; x_wconf 90' lang='lat' dir='ltr'>ludibrio</span> <span class='ocrx_word' id='word_1_147' title='bbox 1190 1125 1266 1162; x_wconf 87' lang='lat' dir='ltr'>fore</span> <span class='ocrx_word' id='word_1_148' title='bbox 1287 1126 1411 1162; x_wconf 89' lang='lat' dir='ltr'>muni-</span> 
     </span>
     <span class='ocr_line' id='line_1_19' title="bbox 128 1175 1412 1224; baseline 0.003 -14"><span class='ocrx_word' id='word_1_149' title='bbox 128 1180 248 1220; x_wconf 86' lang='lat' dir='ltr'>entes,</span> <span class='ocrx_word' id='word_1_150' title='bbox 269 1175 423 1223; x_wconf 86' lang='lat' dir='ltr'>perditis</span> <span class='ocrx_word' id='word_1_151' title='bbox 442 1176 554 1211; x_wconf 89' lang='lat' dir='ltr'>rebus</span> <span class='ocrx_word' id='word_1_152' title='bbox 574 1189 618 1212; x_wconf 92' lang='lat' dir='ltr'>ac</span> <span class='ocrx_word' id='word_1_153' title='bbox 639 1189 703 1224; x_wconf 91' lang='lat' dir='ltr'>spe</span> <span class='ocrx_word' id='word_1_154' title='bbox 728 1176 831 1212; x_wconf 88' lang='lat' dir='ltr'>omni</span> <span class='ocrx_word' id='word_1_155' title='bbox 863 1176 1049 1224; x_wconf 64' lang='lat' dir='ltr'>adempta,</span> <span class='ocrx_word' id='word_1_156' title='bbox 1081 1177 1315 1221; x_wconf 80' lang='lat' dir='ltr'>cernebant3</span> <span class='ocrx_word' id='word_1_157' title='bbox 1357 1185 1412 1214; x_wconf 84' lang='lat' dir='ltr'>ta-</span> 
     </span>
     <span class='ocr_line' id='line_1_20' title="bbox 128 1227 1413 1276; baseline 0.003 -14"><span class='ocrx_word' id='word_1_158' title='bbox 128 1237 230 1271; x_wconf 88' lang='lat' dir='ltr'>men,</span> <span class='ocrx_word' id='word_1_159' title='bbox 251 1239 298 1262; x_wconf 89' lang='lat' dir='ltr'>ne</span> <span class='ocrx_word' id='word_1_160' title='bbox 314 1227 462 1275; x_wconf 83' lang='lat' dir='ltr'>culpam</span> <span class='ocrx_word' id='word_1_161' title='bbox 484 1227 591 1263; x_wconf 85' lang='lat' dir='ltr'>malis</span> <span class='ocrx_word' id='word_1_162' title='bbox 610 1228 804 1274; x_wconf 87' lang='lat' dir='ltr'>adderent,</span> <span class='ocrx_word' id='word_1_163' title='bbox 825 1241 891 1276; x_wconf 93' lang='lat' dir='ltr'>pro</span> <span class='ocrx_word' id='word_1_164' title='bbox 910 1240 949 1264; x_wconf 89' lang='lat' dir='ltr'>se</span> <span class='ocrx_word' id='word_1_165' title='bbox 968 1228 1138 1276; x_wconf 88' lang='lat' dir='ltr'>quisque,</span> <span class='ocrx_word' id='word_1_166' title='bbox 1172 1241 1244 1265; x_wconf 89' lang='lat' dir='ltr'>nec</span> <span class='ocrx_word' id='word_1_167' title='bbox 1265 1229 1413 1266; x_wconf 86' lang='lat' dir='ltr'>hortan-</span> 
     </span>
     <span class='ocr_line' id='line_1_21' title="bbox 128 1277 1456 1339; baseline 0.003 -26"><span class='ocrx_word' id='word_1_168' title='bbox 128 1284 164 1313; x_wconf 87' lang='lat' dir='ltr'>te</span> <span class='ocrx_word' id='word_1_169' title='bbox 187 1277 260 1314; x_wconf 91' lang='lat' dir='ltr'>ullo</span> <span class='ocrx_word' id='word_1_170' title='bbox 280 1291 352 1315; x_wconf 90' lang='lat' dir='ltr'>nec</span> <span class='ocrx_word' id='word_1_171' title='bbox 384 1279 603 1328; x_wconf 84' lang='lat' dir='ltr'>imperante,</span> <span class='ocrx_word' id='word_1_172' title='bbox 639 1280 685 1316; x_wconf 85' lang='lat' dir='ltr'>ad</span> <span class='ocrx_word' id='word_1_173' title='bbox 711 1280 960 1316; x_wconf 90' lang='lat' dir='ltr'>muniendum</span> <span class='ocrx_word' id='word_1_174' title='bbox 980 1281 1088 1325; x_wconf 84' lang='lat' dir='ltr'>versi,</span> <span class='ocrx_word' id='word_1_175' title='bbox 1123 1287 1245 1317; x_wconf 79' lang='lat' dir='ltr'>castra</span> <span class='ocrx_word' id='word_1_176' title='bbox 1263 1289 1456 1339; x_wconf 68' lang='lat' dir='ltr'>propterea</span> 
     </span>
     <span class='ocr_line' id='line_1_22' title="bbox 129 1331 1410 1380; baseline 0.003 -15"><span class='ocrx_word' id='word_1_177' title='bbox 129 1341 263 1377; x_wconf 87' lang='lat' dir='ltr'>aquam</span> <span class='ocrx_word' id='word_1_178' title='bbox 285 1331 380 1368; x_wconf 86' lang='lat' dir='ltr'>vallo</span> <span class='ocrx_word' id='word_1_179' title='bbox 400 1331 662 1377; x_wconf 85' lang='lat' dir='ltr'>circumdant3</span> <span class='ocrx_word' id='word_1_180' title='bbox 696 1345 764 1368; x_wconf 86' lang='lat' dir='ltr'>sua</span> <span class='ocrx_word' id='word_1_181' title='bbox 784 1332 853 1380; x_wconf 90' lang='lat' dir='ltr'>ipsi</span> <span class='ocrx_word' id='word_1_182' title='bbox 873 1344 986 1380; x_wconf 87' lang='lat' dir='ltr'>opera</span> <span class='ocrx_word' id='word_1_183' title='bbox 1004 1332 1244 1380; x_wconf 85' lang='lat' dir='ltr'>laboremque</span> <span class='ocrx_word' id='word_1_184' title='bbox 1265 1333 1410 1370; x_wconf 88' lang='lat' dir='ltr'>irritum</span> 
     </span>
     <span class='ocr_line' id='line_1_23' title="bbox 131 1380 1413 1435; baseline 0.003 -17"><span class='ocrx_word' id='word_1_185' title='bbox 131 1380 397 1431; x_wconf 87' lang='lat' dir='ltr'>(praeterquam</span> <span class='ocrx_word' id='word_1_186' title='bbox 417 1383 517 1432; x_wconf 79' lang='lat' dir='ltr'>quod</span> <span class='ocrx_word' id='word_1_187' title='bbox 539 1384 663 1420; x_wconf 91' lang='lat' dir='ltr'>hostes</span> <span class='ocrx_word' id='word_1_188' title='bbox 683 1384 844 1433; x_wconf 85' lang='lat' dir='ltr'>superbe</span> <span class='ocrx_word' id='word_1_189' title='bbox 865 1384 1131 1435; x_wconf 80' lang='lat' dir='ltr'>increpabant)</span> <span class='ocrx_word' id='word_1_190' title='bbox 1152 1397 1240 1421; x_wconf 89' lang='lat' dir='ltr'>cum</span> <span class='ocrx_word' id='word_1_191' title='bbox 1260 1386 1413 1423; x_wconf 76' lang='lat' dir='ltr'>misera-</span> 
     </span>
     <span class='ocr_line' id='line_1_24' title="bbox 128 1433 1412 1480; baseline 0.004 -11"><span class='ocrx_word' id='word_1_192' title='bbox 128 1433 193 1469; x_wconf 92' lang='lat' dir='ltr'>bili</span> <span class='ocrx_word' id='word_1_193' title='bbox 214 1435 452 1472; x_wconf 81' lang='lat' dir='ltr'>confessione</span> <span class='ocrx_word' id='word_1_194' title='bbox 471 1436 680 1474; x_wconf 88' lang='lat' dir='ltr'>eludentes.</span> <span class='ocrx_word' id='word_1_195' title='bbox 737 1437 800 1474; x_wconf 92' lang='lat' dir='ltr'>Ad</span> <span class='ocrx_word' id='word_1_196' title='bbox 834 1436 1009 1473; x_wconf 87' lang='lat' dir='ltr'>consules</span> <span class='ocrx_word' id='word_1_197' title='bbox 1038 1443 1202 1480; x_wconf 85' lang='lat' dir='ltr'>moestos,</span> <span class='ocrx_word' id='word_1_198' title='bbox 1233 1450 1281 1473; x_wconf 90' lang='lat' dir='ltr'>ne</span> <span class='ocrx_word' id='word_1_199' title='bbox 1301 1438 1412 1474; x_wconf 82' lang='lat' dir='ltr'>advo-</span> 
     </span>
     <span class='ocr_line' id='line_1_25' title="bbox 129 1488 1412 1537; baseline 0.002 -14"><span class='ocrx_word' id='word_1_200' title='bbox 129 1493 259 1523; x_wconf 86' lang='lat' dir='ltr'>cantes</span> <span class='ocrx_word' id='word_1_201' title='bbox 278 1488 459 1535; x_wconf 90' lang='lat' dir='ltr'>quidem&#39;</span> <span class='ocrx_word' id='word_1_202' title='bbox 451 1501 489 1524; x_wconf 90' lang='lat' dir='ltr'>ln</span> <span class='ocrx_word' id='word_1_203' title='bbox 509 1489 710 1524; x_wconf 85' lang='lat' dir='ltr'>eonsilium</span> <span class='ocrx_word' id='word_1_204' title='bbox 745 1488 913 1537; x_wconf 84' lang='lat' dir='ltr'>(quando</span> <span class='ocrx_word' id='word_1_205' title='bbox 933 1500 1006 1524; x_wconf 89' lang='lat' dir='ltr'>nec</span> <span class='ocrx_word' id='word_1_206' title='bbox 1039 1489 1196 1524; x_wconf 88' lang='lat' dir='ltr'>consilio</span> <span class='ocrx_word' id='word_1_207' title='bbox 1215 1501 1288 1525; x_wconf 92' lang='lat' dir='ltr'>nec</span> <span class='ocrx_word' id='word_1_208' title='bbox 1308 1489 1412 1526; x_wconf 84' lang='lat' dir='ltr'>auxi-</span> 
     </span>
     <span class='ocr_line' id='line_1_26' title="bbox 128 1536 1457 1590; baseline 0.003 -17"><span class='ocrx_word' id='word_1_209' title='bbox 128 1536 178 1573; x_wconf 87' lang='lat' dir='ltr'>lio</span> <span class='ocrx_word' id='word_1_210' title='bbox 198 1538 303 1575; x_wconf 88' lang='lat' dir='ltr'>locus</span> <span class='ocrx_word' id='word_1_211' title='bbox 331 1541 462 1590; x_wconf 88' lang='lat' dir='ltr'>esset),</span> <span class='ocrx_word' id='word_1_212' title='bbox 501 1552 569 1576; x_wconf 87' lang='lat' dir='ltr'>sua</span> <span class='ocrx_word' id='word_1_213' title='bbox 601 1547 733 1588; x_wconf 88' lang='lat' dir='ltr'>sponte</span> <span class='ocrx_word' id='word_1_214' title='bbox 765 1540 878 1589; x_wconf 85' lang='lat' dir='ltr'>legati</span> <span class='ocrx_word' id='word_1_215' title='bbox 911 1552 956 1575; x_wconf 91' lang='lat' dir='ltr'>ac</span> <span class='ocrx_word' id='word_1_216' title='bbox 989 1540 1128 1576; x_wconf 91' lang='lat' dir='ltr'>tribuni</span> <span class='ocrx_word' id='word_1_217' title='bbox 1149 1541 1408 1578; x_wconf 85' lang='lat' dir='ltr'>conveniunt:</span> <span class='ocrx_word' id='word_1_218' title='bbox 1423 1551 1457 1577; x_wconf 82' lang='lat'>25</span> 
     </span>
     <span class='ocr_line' id='line_1_27' title="bbox 128 1589 1411 1640; baseline 0.005 -16"><span class='ocrx_word' id='word_1_219' title='bbox 128 1589 340 1639; x_wconf 83' lang='lat' dir='ltr'>militesque</span> <span class='ocrx_word' id='word_1_220' title='bbox 371 1592 415 1628; x_wconf 88' lang='lat' dir='ltr'>ad</span> <span class='ocrx_word' id='word_1_221' title='bbox 447 1591 662 1640; x_wconf 75' lang='lat' dir='ltr'>praetorium</span> <span class='ocrx_word' id='word_1_222' title='bbox 691 1592 798 1637; x_wconf 88' lang='lat' dir='ltr'>versi,</span> <span class='ocrx_word' id='word_1_223' title='bbox 818 1604 942 1640; x_wconf 89' lang='lat' dir='ltr'>opem,</span> <span class='ocrx_word' id='word_1_224' title='bbox 961 1604 1073 1639; x_wconf 88' lang='lat' dir='ltr'>quam</span> <span class='ocrx_word' id='word_1_225' title='bbox 1094 1592 1156 1629; x_wconf 87' lang='lat' dir='ltr'>vix</span> <span class='ocrx_word' id='word_1_226' title='bbox 1177 1592 1269 1628; x_wconf 93' lang='lat' dir='ltr'>Dii</span> <span class='ocrx_word' id='word_1_227' title='bbox 1261 1605 1411 1630; x_wconf 83' lang='lat' dir='ltr'>immor·</span> 
     </span>
     <span class='ocr_line' id='line_1_28' title="bbox 128 1641 1023 1694; baseline 0.003 -17"><span class='ocrx_word' id='word_1_228' title='bbox 128 1641 222 1678; x_wconf 83' lang='lat' dir='ltr'>tales</span> <span class='ocrx_word' id='word_1_229' title='bbox 241 1643 336 1680; x_wconf 88' lang='lat' dir='ltr'>serre</span> <span class='ocrx_word' id='word_1_230' title='bbox 355 1651 539 1693; x_wconf 88' lang='lat' dir='ltr'>poterant,</span> <span class='ocrx_word' id='word_1_231' title='bbox 560 1644 607 1680; x_wconf 90' lang='lat' dir='ltr'>ab</span> <span class='ocrx_word' id='word_1_232' title='bbox 623 1644 784 1681; x_wconf 90' lang='lat' dir='ltr'>ducibus</span> <span class='ocrx_word' id='word_1_233' title='bbox 803 1650 1023 1694; x_wconf 86' lang='lat' dir='ltr'>exposcunt.</span> 
     </span>
    </p>
   </div>
   <div class='ocr_carea' id='block_1_3' title="bbox 127 1746 1458 2529">
    <p class='ocr_par' dir='ltr' id='par_1_3' title="bbox 127 1746 1458 2214">
     <span class='ocr_line' id='line_1_29' title="bbox 182 1746 1410 1799; baseline 0.003 -16"><span class='ocrx_word' id='word_1_234' title='bbox 182 1746 257 1784; x_wconf 88' lang='grc' dir='ltr'><strong>ΙΙΙ.</strong></span> <span class='ocrx_word' id='word_1_235' title='bbox 285 1748 505 1789; x_wconf 79' lang='lat' dir='ltr'>Querentes</span> <span class='ocrx_word' id='word_1_236' title='bbox 526 1750 659 1799; x_wconf 81' lang='lat' dir='ltr'>magis,</span> <span class='ocrx_word' id='word_1_237' title='bbox 679 1751 789 1799; x_wconf 66' lang='lat' dir='ltr'>quam</span> <span class='ocrx_word' id='word_1_238' title='bbox 810 1750 1082 1797; x_wconf 84' lang='lat' dir='ltr'>consultantes,</span> <span class='ocrx_word' id='word_1_239' title='bbox 1107 1763 1183 1787; x_wconf 84' lang='lat' dir='ltr'>nox</span> <span class='ocrx_word' id='word_1_240' title='bbox 1203 1750 1410 1799; x_wconf 87' lang='lat' dir='ltr'>oppressit:</span> 
     </span>
     <span class='ocr_line' id='line_1_30' title="bbox 127 1802 1412 1851; baseline 0.003 -16"><span class='ocrx_word' id='word_1_241' title='bbox 127 1810 241 1846; x_wconf 90' lang='lat' dir='ltr'>quum</span> <span class='ocrx_word' id='word_1_242' title='bbox 276 1814 342 1849; x_wconf 86' lang='lat' dir='ltr'>pro</span> <span class='ocrx_word' id='word_1_243' title='bbox 371 1802 524 1851; x_wconf 82' lang='lat' dir='ltr'>ingenio</span> <span class='ocrx_word' id='word_1_244' title='bbox 551 1803 706 1851; x_wconf 87' lang='lat' dir='ltr'>quisque</span> <span class='ocrx_word' id='word_1_245' title='bbox 746 1803 974 1839; x_wconf 87' lang='lat' dir='ltr'>fremerent:</span> <span class='ocrx_word' id='word_1_246' title='bbox 1021 1803 1116 1839; x_wconf 84' lang='lat' dir='ltr'>alius</span> <span class='ocrx_word' id='word_1_247' title='bbox 1150 1805 1256 1851; x_wconf 86' lang='lat' dir='ltr'>“per</span> <span class='ocrx_word' id='word_1_248' title='bbox 1283 1803 1412 1839; x_wconf 89' lang='lat' dir='ltr'>obices</span> 
     </span>
     <span class='ocr_line' id='line_1_31' title="bbox 128 1851 1456 1903; baseline 0.003 -16"><span class='ocrx_word' id='word_1_249' title='bbox 128 1851 370 1898; x_wconf 79' lang='lat' dir='ltr'>‘·viarum;”</span> <span class='ocrx_word' id='word_1_250' title='bbox 399 1855 506 1901; x_wconf 90' lang='lat' dir='ltr'>alius,</span> <span class='ocrx_word' id='word_1_251' title='bbox 535 1857 559 1877; x_wconf 80' lang='grc'><strong>“</strong></span> <span class='ocrx_word' id='word_1_252' title='bbox 576 1867 640 1903; x_wconf 88' lang='lat' dir='ltr'>per</span> <span class='ocrx_word' id='word_1_253' title='bbox 661 1855 818 1891; x_wconf 83' lang='lat' dir='ltr'>adversa</span> <span class='ocrx_word' id='word_1_254' title='bbox 847 1855 1044 1898; x_wconf 85' lang='lat' dir='ltr'>montium,</span> <span class='ocrx_word' id='word_1_255' title='bbox 1081 1868 1146 1903; x_wconf 86' lang='lat' dir='ltr'>per</span> <span class='ocrx_word' id='word_1_256' title='bbox 1179 1855 1300 1899; x_wconf 88' lang='lat' dir='ltr'>silvas,</span> <span class='ocrx_word' id='word_1_257' title='bbox 1338 1854 1456 1902; x_wconf 64' lang='lat' dir='ltr'>quam</span> 
     </span>
     <span class='ocr_line' id='line_1_32' title="bbox 127 1903 1411 1954; baseline 0.002 -14"><span class='ocrx_word' id='word_1_258' title='bbox 127 1903 252 1941; x_wconf 81' lang='lat' dir='ltr'>“ferri</span> <span class='ocrx_word' id='word_1_259' title='bbox 274 1918 377 1942; x_wconf 87' lang='lat' dir='ltr'>arma</span> <span class='ocrx_word' id='word_1_260' title='bbox 395 1913 582 1954; x_wconf 90' lang='lat' dir='ltr'>poterunt,</span> <span class='ocrx_word' id='word_1_261' title='bbox 615 1919 757 1942; x_wconf 88' lang='lat' dir='ltr'>eamus.</span> <span class='ocrx_word' id='word_1_262' title='bbox 814 1906 931 1942; x_wconf 67' lang='lat' dir='ltr'>Modo</span> <span class='ocrx_word' id='word_1_263' title='bbox 960 1907 1005 1942; x_wconf 85' lang='lat' dir='ltr'>ad</span> <span class='ocrx_word' id='word_1_264' title='bbox 1039 1907 1182 1942; x_wconf 89' lang='lat' dir='ltr'>hostem</span> <span class='ocrx_word' id='word_1_265' title='bbox 1215 1906 1411 1954; x_wconf 83' lang='lat' dir='ltr'>pervenire</span> 
     </span>
     <span class='ocr_line' id='line_1_33' title="bbox 127 1955 1412 2007; baseline 0.002 -15"><span class='ocrx_word' id='word_1_266' title='bbox 127 1955 291 2003; x_wconf 80' lang='lat' dir='ltr'>“liceat,</span> <span class='ocrx_word' id='word_1_267' title='bbox 311 1970 422 2005; x_wconf 90' lang='lat' dir='ltr'>quem</span> <span class='ocrx_word' id='word_1_268' title='bbox 441 1970 506 2006; x_wconf 91' lang='lat' dir='ltr'>per</span> <span class='ocrx_word' id='word_1_269' title='bbox 526 1971 645 1994; x_wconf 85' lang='lat' dir='ltr'>annos</span> <span class='ocrx_word' id='word_1_270' title='bbox 660 1959 738 2006; x_wconf 87' lang='lat' dir='ltr'>jam</span> <span class='ocrx_word' id='word_1_271' title='bbox 767 1957 882 2006; x_wconf 69' lang='lat' dir='ltr'>prope</span> <span class='ocrx_word' id='word_1_272' title='bbox 902 1959 1055 2007; x_wconf 82' lang='lat' dir='ltr'>triginta</span> <span class='ocrx_word' id='word_1_273' title='bbox 1077 1958 1286 2002; x_wconf 78' lang='lat' dir='ltr'>vincimu53</span> <span class='ocrx_word' id='word_1_274' title='bbox 1334 1971 1412 1995; x_wconf 88' lang='lat' dir='ltr'>om-</span> 
     </span>
     <span class='ocr_line' id='line_1_34' title="bbox 128 2008 1411 2058; baseline 0.001 -13"><span class='ocrx_word' id='word_1_275' title='bbox 128 2008 228 2045; x_wconf 86' lang='lat' dir='ltr'>“nia</span> <span class='ocrx_word' id='word_1_276' title='bbox 249 2022 355 2057; x_wconf 83' lang='lat' dir='ltr'>aequa</span> <span class='ocrx_word' id='word_1_277' title='bbox 373 2017 411 2045; x_wconf 91' lang='lat' dir='ltr'>et</span> <span class='ocrx_word' id='word_1_278' title='bbox 429 2010 541 2058; x_wconf 83' lang='lat' dir='ltr'>plana</span> <span class='ocrx_word' id='word_1_279' title='bbox 565 2017 675 2046; x_wconf 90' lang='lat' dir='ltr'>erunt</span> <span class='ocrx_word' id='word_1_280' title='bbox 706 2010 895 2052; x_wconf 85' lang='lat' dir='ltr'>Romano,</span> <span class='ocrx_word' id='word_1_281' title='bbox 928 2010 965 2046; x_wconf 93' lang='lat' dir='ltr'>in</span> <span class='ocrx_word' id='word_1_282' title='bbox 996 2010 1178 2058; x_wconf 84' lang='lat' dir='ltr'>perfidum</span> <span class='ocrx_word' id='word_1_283' title='bbox 1201 2011 1411 2047; x_wconf 82' lang='lat' dir='ltr'>Samnitem</span> 
     </span>
     <span class='ocr_line' id='line_1_35' title="bbox 127 2061 1412 2110; baseline 0.002 -13"><span class='ocrx_word' id='word_1_284' title='bbox 127 2062 410 2109; x_wconf 80' lang='lat' dir='ltr'>“pugnanti:&#39;&#39;</span> <span class='ocrx_word' id='word_1_285' title='bbox 441 2062 547 2105; x_wconf 87' lang='lat' dir='ltr'>alius,</span> <span class='ocrx_word' id='word_1_286' title='bbox 578 2061 727 2106; x_wconf 74' lang='lat' dir='ltr'>“Qu63</span> <span class='ocrx_word' id='word_1_287' title='bbox 776 2069 839 2098; x_wconf 89' lang='lat' dir='ltr'>aut</span> <span class='ocrx_word' id='word_1_288' title='bbox 866 2064 938 2110; x_wconf 53' lang='lat' dir='ltr'>qut}</span> <span class='ocrx_word' id='word_1_289' title='bbox 967 2063 1126 2098; x_wconf 68' lang='lat' dir='ltr'>eamus?</span> <span class='ocrx_word' id='word_1_290' title='bbox 1183 2062 1287 2098; x_wconf 93' lang='lat' dir='ltr'>Num</span> <span class='ocrx_word' id='word_1_291' title='bbox 1309 2076 1412 2099; x_wconf 89' lang='lat' dir='ltr'>mon-</span> 
     </span>
     <span class='ocr_line' id='line_1_36' title="bbox 128 2114 1458 2162; baseline 0.002 -13"><span class='ocrx_word' id='word_1_292' title='bbox 128 2114 222 2149; x_wconf 88' lang='lat' dir='ltr'>“tes</span> <span class='ocrx_word' id='word_1_293' title='bbox 251 2114 371 2150; x_wconf 84' lang='lat' dir='ltr'>moliri</span> <span class='ocrx_word' id='word_1_294' title='bbox 408 2115 497 2150; x_wconf 87' lang='lat' dir='ltr'>sede</span> <span class='ocrx_word' id='word_1_295' title='bbox 531 2116 598 2151; x_wconf 64' lang='lat' dir='ltr'>sua</span> <span class='ocrx_word' id='word_1_296' title='bbox 627 2116 831 2162; x_wconf 69' lang='lat' dir='ltr'>paramus&#39;.r</span> <span class='ocrx_word' id='word_1_297' title='bbox 906 2114 1006 2150; x_wconf 87' lang='lat' dir='ltr'>Dum</span> <span class='ocrx_word' id='word_1_298' title='bbox 1045 2115 1126 2150; x_wconf 82' lang='lat' dir='ltr'>haec</span> <span class='ocrx_word' id='word_1_299' title='bbox 1160 2114 1458 2152; x_wconf 82' lang='lat' dir='ltr'>imminebunt35</span> 
     </span>
     <span class='ocr_line' id='line_1_37' title="bbox 128 2165 1410 2214; baseline 0.002 -13"><span class='ocrx_word' id='word_1_300' title='bbox 128 2166 153 2188; x_wconf 88' lang='lat'><strong><em>“</em></strong></span> <span class='ocrx_word' id='word_1_301' title='bbox 166 2165 269 2213; x_wconf 81' lang='lat' dir='ltr'>juga,</span> <span class='ocrx_word' id='word_1_302' title='bbox 290 2166 364 2214; x_wconf 58' lang='lat' dir='ltr'>quat</span> <span class='ocrx_word' id='word_1_303' title='bbox 384 2173 423 2202; x_wconf 92' lang='lat' dir='ltr'>tu</span> <span class='ocrx_word' id='word_1_304' title='bbox 444 2167 489 2202; x_wconf 86' lang='lat' dir='ltr'>ad</span> <span class='ocrx_word' id='word_1_305' title='bbox 512 2167 655 2203; x_wconf 78' lang='lat' dir='ltr'>hostem</span> <span class='ocrx_word' id='word_1_306' title='bbox 676 2166 834 2202; x_wconf 67' lang='lat' dir='ltr'>venies?</span> <span class='ocrx_word' id='word_1_307' title='bbox 891 2166 1051 2212; x_wconf 78' lang='lat' dir='ltr'>Armati,</span> <span class='ocrx_word' id='word_1_308' title='bbox 1085 2167 1258 2209; x_wconf 84' lang='lat' dir='ltr'>inermes,</span> <span class='ocrx_word' id='word_1_309' title='bbox 1288 2167 1410 2212; x_wconf 84' lang='lat' dir='ltr'>fortes,</span> 
     </span>
    </p>

    <p class='ocr_par' dir='ltr' id='par_1_4' title="bbox 128 2217 1458 2529">
     <span class='ocr_line' id='line_1_38' title="bbox 128 2217 1412 2267; baseline 0.002 -14"><span class='ocrx_word' id='word_1_310' title='bbox 128 2218 153 2240; x_wconf 89' lang='lat'><strong>“</strong></span> <span class='ocrx_word' id='word_1_311' title='bbox 167 2217 306 2266; x_wconf 83' lang='lat' dir='ltr'>ignavi,</span> <span class='ocrx_word' id='word_1_312' title='bbox 326 2218 463 2266; x_wconf 87' lang='lat' dir='ltr'>pariter</span> <span class='ocrx_word' id='word_1_313' title='bbox 482 2231 614 2255; x_wconf 89' lang='lat' dir='ltr'>omnes</span> <span class='ocrx_word' id='word_1_314' title='bbox 634 2219 733 2267; x_wconf 89' lang='lat' dir='ltr'>capti</span> <span class='ocrx_word' id='word_1_315' title='bbox 754 2226 863 2266; x_wconf 91' lang='lat' dir='ltr'>atque</span> <span class='ocrx_word' id='word_1_316' title='bbox 884 2219 970 2255; x_wconf 80' lang='lat' dir='ltr'>victi</span> <span class='ocrx_word' id='word_1_317' title='bbox 992 2231 1132 2254; x_wconf 85' lang='lat' dir='ltr'>sumus.</span> <span class='ocrx_word' id='word_1_318' title='bbox 1189 2219 1249 2255; x_wconf 91' lang='lat' dir='ltr'>Ne</span> <span class='ocrx_word' id='word_1_319' title='bbox 1271 2219 1412 2256; x_wconf 84' lang='lat' dir='ltr'>ferrum</span> 
     </span>
     <span class='ocr_line' id='line_1_39' title="bbox 129 2269 1413 2318; baseline 0.002 -13"><span class='ocrx_word' id='word_1_320' title='bbox 129 2269 319 2318; x_wconf 84' lang='lat' dir='ltr'>“quidem</span> <span class='ocrx_word' id='word_1_321' title='bbox 340 2270 385 2306; x_wconf 89' lang='lat' dir='ltr'>ad</span> <span class='ocrx_word' id='word_1_322' title='bbox 408 2271 503 2306; x_wconf 90' lang='lat' dir='ltr'>bene</span> <span class='ocrx_word' id='word_1_323' title='bbox 538 2271 774 2307; x_wconf 89' lang='lat' dir='ltr'>moriendum</span> <span class='ocrx_word' id='word_1_324' title='bbox 807 2271 999 2307; x_wconf 75' lang='lat' dir='ltr'>oblaturus</span> <span class='ocrx_word' id='word_1_325' title='bbox 1019 2278 1076 2306; x_wconf 78' lang='lat' dir='ltr'>est</span> <span class='ocrx_word' id='word_1_326' title='bbox 1097 2271 1233 2307; x_wconf 82' lang='lat' dir='ltr'>hostis:</span> <span class='ocrx_word' id='word_1_327' title='bbox 1276 2271 1413 2307; x_wconf 89' lang='lat' dir='ltr'>sedens</span> 
     </span>
     <span class='ocr_line' id='line_1_40' title="bbox 129 2321 1411 2371; baseline 0.002 -14"><span class='ocrx_word' id='word_1_328' title='bbox 129 2321 307 2357; x_wconf 86' lang='lat' dir='ltr'>“bellum</span> <span class='ocrx_word' id='word_1_329' title='bbox 345 2323 559 2359; x_wconf 84' lang='lat' dir='ltr'>conficiet.’&#39;</span> <span class='ocrx_word' id='word_1_330' title='bbox 636 2323 707 2359; x_wconf 90' lang='lat' dir='ltr'>His</span> <span class='ocrx_word' id='word_1_331' title='bbox 735 2323 897 2359; x_wconf 87' lang='lat' dir='ltr'>invicem</span> <span class='ocrx_word' id='word_1_332' title='bbox 928 2323 1174 2368; x_wconf 81' lang='lat' dir='ltr'>sermonibus,</span> <span class='ocrx_word' id='word_1_333' title='bbox 1213 2324 1288 2371; x_wconf 67' lang='lat' dir='ltr'>quft</span> <span class='ocrx_word' id='word_1_334' title='bbox 1324 2323 1411 2368; x_wconf 90' lang='lat' dir='ltr'>cibi,</span> 
     </span>
     <span class='ocr_line' id='line_1_41' title="bbox 131 2374 1458 2424; baseline 0 -13"><span class='ocrx_word' id='word_1_335' title='bbox 131 2374 206 2424; x_wconf 59' lang='lat' dir='ltr'>qua⁴</span> <span class='ocrx_word' id='word_1_336' title='bbox 233 2374 369 2421; x_wconf 88' lang='lat' dir='ltr'>quietis</span> <span class='ocrx_word' id='word_1_337' title='bbox 406 2375 612 2420; x_wconf 88' lang='lat' dir='ltr'>immemor,</span> <span class='ocrx_word' id='word_1_338' title='bbox 643 2388 716 2411; x_wconf 85' lang='lat' dir='ltr'>nox</span> <span class='ocrx_word' id='word_1_339' title='bbox 745 2376 917 2411; x_wconf 86' lang='lat' dir='ltr'>traducta</span> <span class='ocrx_word' id='word_1_340' title='bbox 953 2382 1019 2411; x_wconf 87' lang='lat' dir='ltr'>est.</span> <span class='ocrx_word' id='word_1_341' title='bbox 1087 2375 1148 2411; x_wconf 87' lang='lat' dir='ltr'>Ne</span> <span class='ocrx_word' id='word_1_342' title='bbox 1180 2375 1412 2411; x_wconf 85' lang='lat' dir='ltr'>Samnitibus</span> <span class='ocrx_word' id='word_1_343' title='bbox 1425 2386 1458 2411; x_wconf 75' lang='lat'>40</span> 
     </span>
     <span class='ocr_line' id='line_1_42' title="bbox 132 2425 1412 2475; baseline -0.001 -12"><span class='ocrx_word' id='word_1_344' title='bbox 132 2425 286 2475; x_wconf 87' lang='lat' dir='ltr'>quidem</span> <span class='ocrx_word' id='word_1_345' title='bbox 319 2427 517 2463; x_wconf 90' lang='lat' dir='ltr'>consilium</span> <span class='ocrx_word' id='word_1_346' title='bbox 553 2427 589 2463; x_wconf 90' lang='lat' dir='ltr'>in</span> <span class='ocrx_word' id='word_1_347' title='bbox 621 2437 694 2463; x_wconf 92' lang='lat' dir='ltr'>tam</span> <span class='ocrx_word' id='word_1_348' title='bbox 729 2427 822 2463; x_wconf 78' lang='lat' dir='ltr'>laetis</span> <span class='ocrx_word' id='word_1_349' title='bbox 852 2428 1074 2475; x_wconf 83' lang='lat' dir='ltr'>suppetebat</span> <span class='ocrx_word' id='word_1_350' title='bbox 1106 2427 1241 2464; x_wconf 90' lang='lat' dir='ltr'>rebus:</span> <span class='ocrx_word' id='word_1_351' title='bbox 1289 2427 1412 2474; x_wconf 89' lang='lat' dir='ltr'>itaque</span> 
     </span>
     <span class='ocr_line' id='line_1_43' title="bbox 134 2478 1414 2529; baseline -0.002 -13"><span class='ocrx_word' id='word_1_352' title='bbox 134 2478 298 2516; x_wconf 83' lang='lat' dir='ltr'>universi</span> <span class='ocrx_word' id='word_1_353' title='bbox 321 2478 558 2516; x_wconf 88' lang='lat' dir='ltr'>Herennium</span> <span class='ocrx_word' id='word_1_354' title='bbox 575 2479 763 2525; x_wconf 77' lang='lat' dir='ltr'>Pontium,</span> <span class='ocrx_word' id='word_1_355' title='bbox 795 2487 937 2528; x_wconf 89' lang='lat' dir='ltr'>patrem</span> <span class='ocrx_word' id='word_1_356' title='bbox 971 2479 1214 2529; x_wconf 86' lang='lat' dir='ltr'>imperatoris,</span> <span class='ocrx_word' id='word_1_357' title='bbox 1244 2491 1309 2528; x_wconf 88' lang='lat' dir='ltr'>per</span> <span class='ocrx_word' id='word_1_358' title='bbox 1334 2478 1414 2515; x_wconf 91' lang='lat' dir='ltr'>lite-</span> 
     </span>
    </p>
   </div>
  </div>
 </body>
</html>
