1617 2765
115 142 188 179 152
663 143 754 174 T1T1
778 142 889 174 LIVII

112 234 245 274 Quum
266 248 287 273 e
307 236 401 274 saltu
421 237 640 284 evasissent,
659 238 742 281 etsi,
763 237 864 274 velut
884 238 930 274 ab
964 237 1093 275 inferis
1122 239 1294 286 extracti,
1314 246 1392 276 tum

114 287 273 335 primum
294 289 418 326 lucem
439 290 634 338 adspicere
655 290 720 326 visi
742 297 841 332 sunt,
875 297 1001 326 tamen
1023 291 1101 339 ipsa
1121 291 1183 327 lux
1205 291 1255 327 ita
1274 290 1394 327 desor-

114 352 174 375 me
214 340 447 377 intuentibus
483 354 618 390 agmen
656 342 760 378 omni
789 349 908 378 morte
940 343 1077 379 tristior
1111 343 1191 379 suit.
1249 343 1392 391 Itaque,

113 404 228 439 quum
262 400 348 429 ante
380 401 530 430 noctem
565 394 735 442 Capuam
765 394 960 442 pervenire
993 402 1155 443 possent,
1183 395 1317 431 incerti
1346 395 1394 430 de

114 443 187 480 fide
206 445 404 491 sociorum,
425 453 462 481 et
481 443 578 503 quod
599 446 717 494 pudor
746 446 1009 494 praepediebat‚
1044 447 1147 484 circa
1176 448 1272 483 viam
1294 446 1393 482 haud
1426 445 1442 470 5

113 497 240 544 procul
263 497 406 545 Capua,
426 497 593 534 omnium
627 498 752 546 egeni,
787 511 942 547 corpora
975 499 1077 535 humi
1105 505 1393 557 prostrawerunt

113 547 229 587 Quod
252 549 314 585 ubi
333 557 389 585 est
409 549 579 597 Capuam
600 551 827 593 nuntiatum,
860 551 972 587 evicit
1005 552 1194 587 miseratio
1219 551 1320 609 ιᾖμεῐῐι
1339 563 1396 586 so—

114 600 258 636 ciorum
279 601 489 649 superbiam
510 602 718 650 ingenitam
739 602 969 651 Campanis:
1012 604 1210 639 confestim
1233 602 1397 651 insignia

115 664 183 688 sua
211 654 442 695 consulibus,
478 654 611 697 fasces,
646 654 807 699 lictores,
847 667 962 701 arma,
1000 668 1127 703 equos,
1158 656 1394 698 vestimenta,

115 712 349 741 commeatus
369 705 549 742 militibus
569 706 731 754 benigne
753 707 928 750 mittunt3
958 714 995 743 et
1014 708 1251 744 venientibus
1272 707 1395 756 Capu·
1413 713 1441 737 1⁰

115 769 174 792 am
194 765 356 793 cunctus
385 765 538 793 senatus
555 758 800 806 populusque,
833 758 980 794 obviam
1000 760 1154 807 egressi,
1181 760 1291 808 justis
1318 772 1397 795 om-

115 808 227 844 nibus
247 809 504 857 hospitalibus,
525 810 748 858 privatisque
769 817 806 846 et
825 810 987 858 publicis
1007 811 1215 860 funguntur
1234 811 1396 852 officiis;

115 872 237 908 neque
257 861 330 897 illis
348 861 534 898 sociorum
564 862 734 905 comitas,
755 862 952 910 vultusque
973 862 1142 912 benigni,
1172 871 1209 900 et
1238 863 1399 911 alloquia

115 924 191 948 non
212 912 323 949 modo
345 926 557 950 sermonem
577 914 728 958 elicere,
749 915 814 950 sed
835 927 896 957 ne,
917 922 958 951 ut
976 915 1106 952 oculos
1122 915 1273 964 quidem
1295 915 1399 952 attol-

116 964 249 1008 lerent,
280 972 343 1002 aut
372 966 610 1002 consolantes
638 966 780 1003 amicos
808 974 940 1003 contra
968 967 1217 1015 intuerentur,
1246 967 1397 1004 efficere
1413 973 1442 997 1⁵

115 1024 309 1065 poterant:
339 1017 449 1061 adeo,
470 1030 580 1066 super
600 1031 811 1062 moerorem,
834 1019 954 1067 pudor
981 1020 1133 1067 quidam
1164 1020 1292 1069 fugere
1323 1020 1398 1056 eol-

115 1069 240 1116 loquia
259 1077 296 1105 et
315 1078 435 1106 coetus
456 1071 650 1106 hominum
670 1071 841 1120 cogebat.
899 1071 1052 1108 Postero
1082 1072 1142 1109 die
1162 1085 1276 1120 quum
1294 1073 1398 1121 juve-

117 1133 183 1157 nes
203 1122 359 1168 nobiles,
379 1123 482 1158 missi
502 1135 524 1158 a
542 1122 688 1171 Capua,
725 1131 764 1159 ut
782 1123 1064 1171 proficiscentes
1084 1124 1129 1160 ad
1151 1124 1264 1160 finem
1285 1125 1398 1160 Carn-

115 1185 255 1221 panum
288 1182 613 1222 prosequerentur,
647 1175 907 1219 revertissent3
955 1176 1150 1224 vocatique
1184 1176 1220 1212 in
1253 1176 1397 1212 curiam

116 1226 425 1274 percontantibus
446 1226 649 1275 majoribus
669 1234 773 1274 natu,
795 1233 819 1249 ‘⁶
833 1226 950 1263 multo
966 1228 1037 1263 sibi
1054 1228 1262 1264 moestiores
1281 1236 1319 1264 et
1338 1228 1399 1264 ab-
1411 1232 1444 1257 2⁰

118 1284 141 1299 ‘⁴
152 1278 320 1326 jectioris
332 1278 448 1314 animi
466 1278 599 1321 visos,''
617 1278 819 1323 referrent3
842 1285 866 1302 “
881 1279 975 1315 adeo
989 1280 1117 1327 silens,
1134 1292 1178 1316 ac
1193 1280 1306 1329 prope
1320 1293 1400 1316 mu·

117 1335 234 1366 “tum
255 1343 390 1379 agmen
412 1331 638 1367 incessisse:
686 1338 810 1368 tacere
840 1331 1004 1368 indolem
1039 1332 1138 1368 illam
1170 1332 1397 1378 Romanam,

117 1388 141 1404 ‘⁴
155 1383 370 1431 ablatosque
390 1396 477 1420 cum
499 1383 611 1420 armis
631 1383 801 1420 animos:
847 1396 922 1420 non
943 1385 1101 1421 reddere
1130 1384 1302 1432 salutem,
1323 1398 1397 1422 non

117 1442 141 1458 ‘⁶
155 1436 403 1472 salutantibus
423 1436 511 1472 dare
530 1448 764 1484 responsum,
794 1449 870 1473 non
905 1436 1050 1473 hiscere
1079 1449 1303 1485 quemquam
1323 1450 1399 1486 prae

118 1494 257 1524 “metu
283 1489 459 1536 potuisse,
481 1495 670 1536 tamquam
704 1488 910 1524 ferentibus
939 1489 1064 1525 adhuc
1098 1489 1311 1525 cervicibus
1340 1490 1399 1538 ju·
1416 1490 1448 1515 ‘25

118 1546 141 1563 “
155 1552 257 1589 gum,
279 1540 349 1575 sub
368 1553 441 1588 quo
461 1540 588 1576 emissi
608 1547 746 1576 essent.
803 1540 957 1576 Habere
978 1541 1167 1577 Samnites
1190 1541 1398 1584 victoriam,

118 1598 142 1615 ‘⁶
157 1605 230 1628 non
252 1592 472 1641 praeclaram
494 1592 632 1639 solum,
653 1593 717 1628 sed
739 1592 851 1628 etiam
868 1601 1086 1641 perpetuam
1106 1606 1113 1629 ε
1135 1593 1280 1641 cepisse
1297 1593 1399 1629 enim

118 1650 219 1681 “eos
239 1657 313 1681 non
335 1645 511 1689 Romam,
533 1645 630 1681 sicut
649 1645 734 1680 ante
755 1644 896 1687 Gallos,
931 1645 1010 1691 sed,
1041 1645 1137 1693 quod
1158 1644 1276 1682 multo
1297 1645 1401 1681 belli-

119 1703 142 1719 “
156 1697 281 1734 cosius
301 1697 427 1741 fuerit,
449 1697 663 1734 Romanam
682 1697 855 1733 virtutem
878 1697 1171 1746 ferociamque.”

170 1802 261 1839 VII.
290 1801 424 1842 Quum
446 1803 527 1839 liaec
547 1802 764 1839 dicerentur
784 1802 1089 1851 audirenturque,
1110 1809 1147 1839 et
1167 1802 1399 1851 deploratum
1413 1808 1446 1834 :30

116 1867 224 1904 paene
244 1855 462 1891 Romanum
480 1867 618 1891 nomen
638 1855 675 1891 in
697 1855 859 1891 concilio
878 1855 1065 1891 sociorum
1086 1854 1253 1890 fidelium
1274 1862 1371 1891 esset
1389 1868 1399 1899 3

116 1908 255 1943 dicitur
274 1907 412 1943 Ofilius
432 1907 619 1952 Calavius,
640 1907 727 1943 Ovii
748 1907 857 1951 filius,
889 1906 1014 1942 clarus
1045 1918 1189 1955 genere
1206 1906 1399 1955 factisque,

118 1967 197 1996 turn
219 1959 331 1995 etiarn
353 1965 460 1995 aetate
480 1959 678 2001 verendus,
700 1958 810 2006 longe
844 1958 950 1993 aliter
970 1970 1009 1993 se
1030 1958 1168 1994 habere
1190 1971 1267 1994 rem
1288 1959 1400 1995 dixis-

118 2024 180 2048 se:
211 2018 235 2034 “
251 2011 451 2047 Silentium
473 2011 563 2046 illud
583 2010 825 2052 obstinatum,
847 2009 1012 2058 fixosque
1033 2010 1070 2046 in
1100 2017 1236 2046 terram
1256 2011 1398 2055 oculos,

120 2070 195 2100 “et
214 2064 346 2100 surdas
379 2063 424 2099 ad
455 2063 583 2099 omnia
612 2062 743 2099 solatia
780 2074 902 2104 aureS‚
932 2070 968 2098 et
997 2062 1177 2110 pudorem
1207 2063 1446 2100 intuendae35

121 2116 266 2158 “lucis,
289 2116 480 2164 ingentem
501 2115 636 2151 molem
658 2115 794 2151 irarum
827 2126 874 2150 ex
906 2114 979 2150 alto
1004 2114 1130 2151 animo
1150 2115 1285 2152 cientis
1305 2115 1401 2152 indi-

121 2174 145 2191 “
159 2168 219 2204 cia
237 2180 345 2204 esse:
376 2175 440 2204 aut
459 2167 637 2204 Romana
656 2180 694 2203 se
715 2167 886 2216 ignorare
917 2166 1082 2215 ingenia,
1114 2175 1178 2205 aut
1208 2168 1399 2205 silentium

121 2219 250 2256 “illud
284 2220 517 2256 Samnitibus
550 2219 693 2256 flebiles
727 2219 826 2255 brevi
857 2219 1041 2255 clamores
1073 2220 1310 2268 gemitusque
1339 2233 1402 2257 ex-

122 2277 146 2295 “
159 2272 382 2316 citaturum3
413 2272 671 2320 Caudinaeque
691 2271 795 2321 pacis
815 2270 1004 2318 aliquanto
1021 2272 1267 2315 Samnitibus,
1289 2273 1400 2320 quam

122 2330 148 2348 “
161 2324 359 2370 Romanis,
381 2324 579 2360 tristiorem
601 2324 818 2360 memoriam
841 2323 929 2359 sore.
985 2323 1141 2373 Quippe
1167 2337 1255 2361 suos
1273 2329 1447 2373 quem-⁴⁰

123 2381 232 2426 “que
267 2388 396 2412 eorum
433 2377 578 2412 animos
615 2377 842 2418 habiturum,
889 2376 1116 2424 ubicumque
1163 2376 1401 2426 congressuri

124 2435 149 2453 ‘⁶
161 2431 260 2466 sint:
289 2429 404 2466 saltus
423 2429 617 2465 Caudinos
636 2442 710 2465 non
732 2428 869 2477 ubique
890 2429 1123 2465 Samnitibus
1144 2429 1258 2466 fore.’'
1315 2428 1401 2465 Jam
