1617 2765
562 173 698 205 LIBER
722 173 784 203 111.
812 181 892 203 car.
911 182 1018 202 xmn.
1361 174 1414 212 89

129 269 185 306 Μ.
223 268 423 306 Cornelius
459 267 498 304 in
537 267 719 316 Algidum
763 266 899 303 missus
945 279 1033 302 curn
1080 266 1123 302 L.
1163 266 1336 303 Minucio
1374 275 1412 305 et

129 321 178 358 T.
200 321 368 358 Antonio
387 327 424 356 et
453 319 614 356 Caesone
644 319 773 355 Duilio
803 327 839 355 et
873 318 926 354 M.
949 318 1108 366 Sergio:
1157 319 1220 366 Sp.
1242 319 1411 366 Oppium

129 374 203 422 Ap.
223 373 383 409 Claudio
402 372 610 420 adjutorem
644 372 689 407 ad
701 367 852 407 *Urbem
886 371 1080 417 tuendam,
1113 383 1219 418 aequo
1238 372 1412 408 omnium

127 425 426 462 decemvirorum
445 424 614 472 imperio,
636 424 858 460 decernunt.

98 536 114 560 5
178 528 307 565 XLII.
346 528 478 565 Nihilo
498 528 653 571 militiae,
688 528 800 576 quam
822 527 936 573 dorni,
958 527 1097 563 melius
1117 527 1330 575 respublica
1350 528 1413 564 ad-

126 581 335 617 ministrata
354 588 424 617 est.
482 580 552 616 llla
572 579 683 617 modo
704 580 742 616 in
776 580 937 616 ducibus
967 579 1091 627 culpa,
1125 580 1237 627 qued,
1268 588 1306 615 ut
1326 580 1413 616 odio

125 640 252 669 essent
281 633 439 676 civibus,
472 632 665 669 fecerzant
727 632 798 668 alia
828 633 951 668 omnis
985 644 1100 679 penes
1138 632 1276 668 milites
1313 645 1413 668 noxa

125 692 230 728 erat3
260 685 335 733 qui,
357 697 404 720 ne
424 685 513 732 quid
534 685 649 720 ductu
671 691 780 742 atque
802 685 970 732 auspicio
991 685 1289 720 deceinxirorum
1312 697 1412 732 pros-

124 749 211 785 pere
233 749 389 784 usquam
408 744 613 785 gereretur,
645 737 744 772 vinci
767 749 806 773 se
827 750 891 784 per
911 749 1020 772 suum
1049 744 1158 784 atque
1180 736 1326 772 illorum
1349 737 1413 772 ‹le-

83 794 112 818 10
125 789 242 825 decus
261 789 510 837 patiebantur.
568 788 659 824 Fusi
679 796 715 824 et
735 789 782 825 ab
803 789 954 825 Sabinis
974 788 1019 823 ad
1041 788 1208 833 Eretum,
1230 797 1267 824 et
1287 789 1324 824 in
1347 789 1413 824 Al-

124 841 213 890 gido
233 841 280 877 ab
311 841 457 889 quuis,
493 842 681 877 exercitus
713 848 831 877 erant..
890 841 951 876 Ab
982 840 1096 877 Ereto
1123 854 1187 888 per
1218 841 1412 877 silentium

125 893 247 929 noctis
267 893 427 941 profugi,
448 893 603 941 propius
625 893 777 939 Urbem,
796 894 890 929 inter
911 892 1078 928 Fidenas
1096 893 1412 929 Crustumeriam-

124 958 209 992 que,
239 945 323 980 loco
350 945 451 981 edito
480 952 602 980 castra
630 946 955 982 communierant:
1004 946 1212 992 persecutis
1244 945 1412 981 hostibus

124 1009 307 1044 nusquam
328 1009 368 1032 se
399 1009 504 1044 aequo
534 997 741 1032 certamine
772 997 1065 1041 committentes,
1100 997 1235 1032 natura
1264 997 1335 1032 loci
1366 1010 1412 1034 ac

81 1054 111 1078 15
125 1048 231 1094 vallo,
252 1061 327 1084 non
348 1048 483 1084 virtute
504 1056 568 1084 aut
588 1048 713 1091 armis,
736 1049 964 1084 tutabantur.
1021 1047 1147 1097 Majus
1168 1049 1351 1096 flagitium
1373 1049 1411 1085 in

124 1100 277 1149 Algido,
300 1100 415 1149 major
435 1101 549 1136 etiam
570 1100 697 1137 clades
724 1108 908 1149 accepta:
951 1107 1074 1137 castra
1103 1114 1252 1148 quoque
1274 1101 1413 1138 amissa

123 1160 254 1197 erant,
284 1161 493 1200 exutusque
513 1153 688 1189 omnibus
723 1153 961 1199 utensilibus,
993 1153 1100 1188 miles
1121 1153 1334 1189 Tusculum
1357 1166 1410 1197 se,

123 1204 196 1241 fide
217 1205 549 1252 misericordiaque
570 1205 737 1242 victurus
770 1206 957 1253 hospitum
994 1205 1095 1253 (qum
1117 1212 1241 1241 tamen
1265 1219 1337 1241 non
1362 1206 1412 1242 fe-

124 1256 330 1307 fellerunt),
358 1257 579 1294 contulerat.
637 1257 802 1294 Romam
836 1258 928 1293 tanti
962 1265 1069 1294 erant
1103 1266 1263 1293 terrores
1297 1258 1409 1303 allati,

78 1313 110 1338 20
124 1315 175 1354 ut,
196 1309 316 1357 posito
332 1310 408 1358 jam
430 1309 671 1346 decemvirali
704 1311 804 1353 odio,
840 1310 969 1346 Patres
1000 1310 1144 1358 vigilias
1166 1310 1202 1345 in
1225 1310 1325 1345 Urbe
1348 1311 1411 1346 ha·
1440 1318 1445 1319 ⁷

123 1361 267 1397 bendas
286 1368 513 1405 censerent3
555 1368 699 1405 omnes,
733 1362 795 1410 qui
828 1376 892 1410 per
923 1370 1069 1398 aetatem
1092 1375 1194 1397 arma
1216 1362 1309 1398 ferre
1330 1375 1412 1410 pos-

123 1421 219 1456 sent,
241 1414 430 1450 custodire
451 1414 603 1457 moenia,
635 1427 679 1450 ac
712 1427 777 1463 pro
810 1415 925 1462 portis
959 1415 1139 1450 stationes
1173 1427 1285 1463 agere
1302 1415 1412 1463 jube-

122 1472 227 1509 rent3
267 1478 372 1501 arma
405 1465 619 1502 Tusculum
640 1467 686 1502 ad
717 1467 1019 1514 supplementum
1055 1467 1317 1508 decernerent,
1349 1467 1412 1504 de-

121 1517 392 1566 cemvirosque,
413 1518 460 1553 ab
490 1531 577 1554 arce
608 1519 770 1554 Tusculi
801 1519 1011 1567 degi-essm,
1040 1519 1076 1554 in
1099 1519 1231 1554 castris
1252 1519 1409 1555 militem

76 1569 260 1605 2⁵habere
278 1582 287 1614 ς
318 1577 439 1606 castra
460 1570 532 1606 alia
552 1583 574 1606 a
598 1570 755 1606 Fidenis
775 1571 811 1606 in
835 1571 1018 1607 Sabinum
1041 1584 1172 1619 agrum
1194 1571 1408 1616 transferri;

121 1621 292 1669 belloque
313 1622 409 1658 ultro
427 1622 624 1659 inferendo
644 1623 825 1659 deterreri
846 1624 972 1660 hostes
992 1636 1013 1659 a
1033 1623 1192 1660 consilio
1214 1623 1325 1660 Urbis
1344 1637 1409 1673 op-

120 1674 347 1724 pugnandae.

172 1777 323 1814 XLIII.
365 1779 427 1816 Ad
448 1779 576 1816 clades
596 1780 644 1816 ab
664 1780 834 1816 hostibus
864 1788 1041 1828 acceptas
1071 1781 1146 1816 duo
1172 1780 1337 1816 nefanda
1359 1780 1409 1817 fa-

119 1830 250 1867 cinora
269 1831 474 1868 decemviri
496 1832 581 1868 belli
602 1833 778 1880 domique
799 1833 994 1881 adjiciunt.
1034 1833 1076 1869 L.
1100 1833 1268 1869 Siccium
1284 1833 1320 1868 in
1339 1833 1409 1869 Sa-

75 1890 107 1915 30
121 1882 229 1927 binis,
249 1895 315 1932 per
348 1883 528 1920 invidiam
563 1885 868 1931 decemviralem,
898 1885 1133 1921 tribunorum
1155 1885 1406 1921 creandorum

119 1935 416 1984 secessionisque
438 1936 651 1972 mentiones
671 1937 716 1972 ad
745 1937 877 1985 vulgus
908 1938 1066 1973 militum
1088 1937 1324 1973 sermonibus
1344 1950 1408 1974 oc-

118 1986 229 2023 cultis
249 1996 451 2031 serentem,
473 1989 774 2037 prospeculatum
811 1990 856 2025 ad
877 1990 1002 2026 locum
1023 1990 1156 2026 castris
1177 1990 1407 2037 capiendum

119 2039 297 2076 mittunt:
327 2040 436 2077 datur
456 2041 650 2089 negotium
672 2042 866 2087 militibus,
900 2055 992 2090 quos
1025 2043 1205 2078 miserant
1226 2042 1408 2089 expediti-

117 2091 200 2128 onis
229 2092 310 2141 ejus
343 2093 513 2135 comites,
536 2101 576 2129 ut
595 2106 682 2129 eum
711 2103 922 2142 opportuno
952 2095 1069 2130 adorti
1105 2095 1188 2130 loco
1220 2094 1401 2130 interfice-

74 2150 213 2180 ³⁵rent.
270 2145 384 2181 Haud
406 2145 567 2182 inultum
588 2145 838 2182 interfecere:
884 2160 968 2182 nam
1000 2148 1102 2182 circa
1130 2154 1406 2205 repn‹rnantem

120 2194 258 2242 aliquot
278 2197 516 2234 insidiatores
536 2198 725 2242 cecidere,
757 2212 871 2247 quum
908 2199 985 2247 ipse
1007 2212 1045 2234 st
1067 2199 1301 2256 praevalidus‚
1324 2199 1404 2246 pari

120 2246 260 2283 viribus
278 2249 416 2292 animo,
438 2250 718 2287 circumventus
748 2259 942 2287 tutaretur.
1003 2251 1191 2287 Nuntiant
1222 2251 1257 2286 in
1281 2258 1406 2287 eastra

120 2299 260 2342 caeteri,
281 2301 554 2349 proecipitatum
589 2303 626 2339 in
649 2303 804 2339 insidias
823 2317 905 2339 esse
936 2304 1105 2340 Siccium
1136 2302 1289 2351 egregie
1312 2316 1404 2352 pug-

120 2359 288 2394 nantem,
311 2353 520 2401 militesque
550 2356 730 2402 quosdam
752 2369 838 2392 cuin
861 2370 905 2392 eo
926 2357 1092 2392 amissos.
1151 2354 1276 2392 Primo
1311 2355 1403 2391 tides

76 2404 382 2451 wnuntiantibus
413 2405 491 2441 suit.
548 2407 721 2444 Profecta
754 2409 892 2444 deinde
927 2411 1061 2445 cohors
1087 2410 1131 2445 ad
1154 2408 1401 2456 sepeliendos,

119 2457 179 2505 qui
202 2457 432 2500 ceciderant,
467 2458 763 2496 decemvirorum
797 2462 1001 2509 permissu,
1035 2471 1228 2509 postquam
1259 2459 1401 2495 nullum

537 2510 586 2545 8*
