1617 2765
122 177 200 213 240
655 173 744 204 Tm
769 172 879 202 Livu

123 270 304 316 hostibus,
317 269 426 306 simul
440 281 524 305 cum
539 268 616 304 suis
632 275 855 315 cogerentur
869 279 1065 303 conserere
1080 279 1233 303 manus:
1255 279 1328 303 non
1342 276 1395 303 ta-

123 334 209 358 men
230 322 280 358 ita
299 321 490 370 perculsos
510 320 693 368 iratosque
714 320 751 355 in
773 319 892 355 aciem
914 321 1093 367 accepere
1111 334 1118 363 3
1139 319 1217 364 sed,
1230 318 1395 355 densatis

122 374 328 420 ordinibus,
349 374 386 409 in
403 385 544 409 cornua
557 384 790 418 vacuumque
803 371 904 407 circa
921 383 1095 428 campum
1108 379 1212 406 extra
1224 370 1396 418 proelium

122 426 281 475 ejecere,
296 438 344 461 ne
357 424 509 473 pavidos
523 424 608 472 fuga
627 423 913 470 vulneribusque
927 423 1085 459 milites
1077 436 1114 458 ιη
1132 430 1272 458 certam
1289 429 1326 457 et
1342 422 1397 457 in-

122 485 265 526 tegram
279 478 399 513 aciem
413 456 625 512 miscerent.
656 475 849 511 Caeterilm
863 482 965 510 tanta
980 482 1121 522 strages
1135 474 1327 510 hominum
1344 486 1398 509 ar·
1410 482 1427 506 5

123 542 341 577 morumque
361 528 498 570 locum,
516 527 553 563 in
573 540 645 574 quo
657 534 836 563 steterant
848 525 958 583 paulo
972 526 1056 562 ante
1055 506 1284 567 ⁰auxiliares,
1298 538 1399 561 com-

123 582 298 629 pleverat,
320 590 360 617 ut
381 581 494 628 prope
527 579 712 615 difficilior
745 579 922 614 transitus
945 586 1055 624 esset,
1087 590 1198 626 quam
1227 589 1292 625 per
1311 589 1400 613 con-

124 634 235 669 fertos
269 634 393 669 hostes
423 631 552 667 fuerat.
610 630 753 677 ltaque,
783 630 845 678 qui
878 630 987 678 primi
1016 637 1135 672 erant,
1157 628 1304 687 hastati,
1334 641 1400 677 per

123 685 294 721 cumulos
331 695 527 731 corporum
565 694 826 729 armorumque
854 689 892 717 et
919 682 1043 718 tabem
1077 680 1283 730 sanguinis,
1325 693 1400 729 qua

121 737 276 784 quisque
296 742 450 792 poterat,
472 741 670 792 sequentes
704 734 860 776 hostem,
888 739 925 769 et
944 733 1052 781 signa
1078 740 1116 769 et
1133 733 1283 769 ordines
1311 740 1445 769 con-10

123 789 322 825 fuderunt:
364 786 577 836 principum
597 797 742 833 quoque
762 785 870 834 signa
902 784 1075 820 fluctuari
1106 791 1311 832 coeperant,
1341 796 1401 820 va-

121 853 209 889 gam
229 847 315 875 ante
335 851 374 875 se
405 838 596 874 cernendo
619 837 753 873 aciem.
808 836 926 875 Quod
960 836 1088 885 Scipio
1118 836 1181 872 ubi
1211 835 1314 882 vidit,
1344 848 1401 871 re-

122 891 248 940 ceptui
269 904 423 940 propere
443 902 580 926 canere
601 889 754 925 hastatis
778 889 913 946 jussi—t:
959 895 1007 932 et,
1042 888 1180 924 sauciis
1207 888 1243 924 in
1266 895 1402 935 postre-

123 956 221 980 mam
244 944 364 979 aciem
385 942 593 984 subductis,
614 941 804 989 principes
834 940 1052 987 triariosque
1073 940 1111 976 in
1132 951 1273 976 cornua
1293 939 1400 975 indu-

122 996 200 1039 cit3
247 1008 320 1043 quo
352 995 465 1031 tutior
494 994 706 1040 firmiorque
744 993 868 1029 media
903 993 1131 1028 hastatorum
1161 992 1262 1028 acies
1291 999 1399 1029 esset.
1416 1003 1445 1027 15

123 1048 180 1084 Ita
201 1060 336 1083 novum
358 1047 404 1082 de
425 1046 571 1094 integro
604 1044 775 1093 proelium
809 1052 929 1080 ortum
950 1051 1028 1079 est:
1072 1044 1207 1092 quippe
1228 1043 1274 1078 ad
1296 1055 1401 1079 veros

124 1101 249 1136 hostes
278 1105 497 1147 perventum
529 1104 620 1143 erat,
654 1104 690 1132 et
711 1109 895 1132 armorum
916 1108 1068 1143 genere,
1089 1103 1126 1131 et
1146 1108 1215 1131 usu
1246 1095 1399 1137 militiae,

122 1151 278 1187 etfama
298 1162 422 1186 rerum
451 1156 655 1198 gestarum,
676 1155 712 1184 et
742 1148 1000 1196 magnitudine
1030 1147 1085 1182 vel
1115 1147 1193 1194 spei
1222 1146 1278 1181 vel
1308 1147 1402 1194 peri-

123 1203 198 1239 culi
219 1214 338 1250 pares.
396 1201 472 1237 Sed
491 1207 528 1236 et
547 1212 704 1236 numero
734 1199 932 1235 Romanus
951 1199 1117 1246 superior
1137 1205 1229 1241 erat,
1259 1205 1296 1234 et
1324 1197 1401 1234 ani-

123 1268 206 1298 mo;
236 1252 335 1302 quod
353 1253 429 1302 jam
450 1252 606 1300 equites,
622 1251 698 1300 jam
718 1251 936 1298 elephantos
957 1251 1123 1295 fuderat;
1162 1250 1253 1299 jam,
1283 1250 1400 1298 prima
1414 1262 1446 1287 20

124 1307 205 1343 acie
225 1306 346 1355 pulsa,
367 1306 405 1341 in
426 1304 631 1340 secundam
652 1304 853 1352 pugnabat.

177 1410 347 1447 XXXV.
389 1409 433 1446 In
455 1416 621 1457 tempore
642 1407 781 1444 Laelius
800 1421 844 1445 ac
864 1407 1079 1466 Masinissa,
1109 1407 1235 1456 pulsos
1254 1419 1319 1456 per
1338 1405 1403 1442 ali-

123 1471 304 1521 quantum
325 1462 433 1520 spatii
454 1461 573 1499 secuti
593 1460 753 1508 equites,
785 1468 1013 1497 revertentes
1044 1460 1083 1496 in
1103 1471 1268 1496 aversam
1290 1458 1401 1494 hosti-

124 1528 187 1551 um
209 1515 330 1551 aciem
351 1515 553 1551 incurrere.
610 1512 648 1548 Is
668 1513 820 1548 deinum
840 1513 1008 1560 equitum
1028 1512 1188 1559 impetus
1208 1510 1302 1547 fudit
1318 1510 1401 1546 hos-

124 1574 210 1603 tem.
269 1566 382 1602 Multi
411 1564 658 1602 circumventi
689 1564 726 1600 in
756 1564 837 1600 acie
857 1564 969 1600 caesi·
1000 1564 1105 1599 multi
1125 1576 1190 1621 per
1210 1569 1399 1611 patentem
1413 1577 1445 1601 ‘25

123 1619 225 1655 circa
246 1630 422 1666 campum
443 1617 528 1665 fuga
558 1615 688 1665 sparsi,
722 1623 875 1652 tenente
901 1616 1027 1652 omnia
1055 1615 1234 1663 equitatu,
1264 1613 1400 1662 passim

124 1671 358 1707 interierunt.
433 1668 804 1717 Carthaginiensium
834 1668 1094 1715 sociorumque
1127 1679 1225 1703 caesa
1259 1678 1304 1702 eo
1341 1665 1401 1701 die

124 1735 236 1771 supra
255 1722 372 1758 millia
400 1720 558 1769 viginti.
605 1733 670 1768 par
701 1719 816 1756 ferme
847 1732 1025 1756 numerus
1059 1726 1189 1767 captus
1217 1727 1284 1760 est,
1315 1730 1401 1753 cuni

124 1775 243 1823 signis
276 1773 499 1810 militaribus
521 1780 674 1808 centum
704 1772 857 1820 triginta
885 1772 1016 1818 tribus,
1046 1770 1255 1819 elephantis
1285 1769 1402 1805 unde-

124 1826 211 1863 cim.
255 1826 428 1862 Victores
444 1824 490 1860 ad
507 1824 581 1860 duo
594 1823 906 1860 milliacecidere.
946 1802 1150 1867 Hannibal,
1171 1835 1258 1858 cum
1271 1821 1401 1869 paucis
1414 1835 1445 1859 :30

124 1878 312 1925 equitibus
349 1877 445 1912 inter
482 1876 682 1912 tumultum
719 1875 879 1933 elapsus,
921 1876 1170 1910 Adrumetum
1209 1872 1400 1921 perfugit;

124 1929 252 1966 omnia
278 1935 317 1964 et
345 1927 383 1963 in
413 1927 555 1975 proelio‚
598 1934 635 1962 et
664 1934 750 1962 ante
781 1926 914 1970 aciem
957 1926 1171 1973 priusquam
1200 1924 1401 1960 excederet

125 1993 268 2030 pugna,
288 1985 488 2028 expertus3
519 1985 567 2021 et,
590 1977 826 2013 confessione
845 1977 957 2013 etiam
993 1977 1194 2024 Scipionis,
1218 1975 1402 2012 omnium-

125 2045 197 2081 que
216 2031 418 2081 peritorum
439 2042 489 2066 m·
480 2029 592 2074 litiae,
614 2029 714 2064 illam
741 2028 889 2064 laudem
924 2029 1092 2086 adeptus,
1123 2027 1302 2077 singulari
1323 2034 1400 2063 arte

126 2085 245 2121 aciem
267 2096 312 2120 eo
330 2083 390 2119 die
411 2081 641 2118 instruxisse.
698 2079 954 2128 Elephantos
947 2093 983 2115 1n
1001 2080 1120 2128 prima
1137 2060 1281 2116 ΐτοῧηῑο·
1273 2108 1282 2124 ,
1313 2091 1401 2137 quo·
1414 2095 1446 2118 35

126 2149 208 2173 rum
230 2136 404 2172 fortuitus
422 2134 583 2181 impetus
602 2141 712 2180 atque
746 2131 988 2168 intolerabilis
1014 2132 1079 2174 vis,
1101 2133 1208 2180 signa
1228 2131 1342 2180 sequi,
1364 2138 1401 2166 et

126 2200 273 2225 servare
291 2187 456 2232 ordines,
476 2185 529 2229 (in
549 2197 622 2233 quo
642 2184 841 2232 plurimum
867 2184 945 2231 spei
975 2185 1175 2233 ponerent)
1206 2184 1401 2220 Romanos

126 2240 350 2289 prohiberet.
407 2237 557 2273 Deinde
577 2236 777 2272 auxiliares
809 2242 894 2271 ante
927 2235 1299 2284 Carthaginiensium
1326 2234 1401 2271 aci-

127 2305 199 2337 em,
221 2303 268 2327 ne
288 2290 460 2327 homines
476 2288 580 2325 mixti
600 2301 648 2324 ex
669 2287 876 2324 colluvione
908 2288 1077 2323 omnium
1097 2289 1280 2336 gentium,
1309 2298 1400 2335 quos

128 2356 203 2380 non
224 2342 317 2379 fides
335 2349 491 2386 teneret,
513 2340 578 2376 sed
599 2351 757 2381 merces,
778 2339 935 2375 liberum
959 2347 1150 2387 receptum
1173 2340 1268 2388 fugae
1289 2340 1400 2375 habe·
1415 2353 1445 2377 40

128 2402 233 2432 rent:
272 2393 382 2430 simul
401 2372 561 2441 prirrium
591 2392 759 2427 ardorem
781 2398 889 2438 atque
910 2391 1088 2439 impetum
1119 2392 1278 2428 hostium
1299 2390 1401 2428 exci-

128 2448 276 2497 pientes
295 2445 518 2495 satigarent;
549 2456 607 2491 ac,
627 2443 657 2479 si
678 2443 770 2479 nihil
791 2443 903 2489 aliud,
931 2443 1146 2480 vulneribus
1166 2444 1242 2480 suis
1263 2443 1400 2480 serrum
