1617 2765
481 332 646 358 EPITOME
664 332 766 358 LIBRI
784 332 980 358 TRICESIMI
999 332 1114 358 PRIMI.

195 408 288 434 Βιιιιι
303 407 427 433 adversus
440 406 591 438 Philippum
605 406 768 432 Macedoniae
780 415 878 444 regem,
887 407 956 439 quod
965 407 1145 444 intermissum
1154 409 1222 437 erat,
1232 406 1337 444 repetiti
1350 415 1436 433 enum

161 440 311 467 referuntur
323 440 382 464 hae:
415 438 546 476 Tempore
560 439 699 463 Initiorum
718 440 790 465 duo*
780 447 889 472 Juvenes
912 440 1075 469 Acarnanes,
1094 439 1137 471 qui
1159 447 1210 463 non
1231 439 1330 463 initiati
1349 446 1435 471 erant,

161 473 284 498 Athenas
296 474 436 502 venerunt,
447 475 474 496 et
486 471 512 496 in
525 471 670 496 sacrarium
684 472 788 496 Cereris
799 479 859 496 cum
873 471 932 496 aliis
949 471 1122 503 popularibus
1135 471 1190 496 suis
1203 471 1385 496 intraverunt:
1403 473 1436 496 ob

161 505 222 536 hoc,
233 509 369 537 tamquam
382 503 454 529 nefas
466 511 598 529 summum
611 503 815 534 commisissent,
829 504 862 528 ab
875 504 1084 528 Atheniensibus
1096 503 1155 528 caesi
1169 507 1241 528 sunt.
1269 503 1436 534 Acarnanes,

161 537 289 562 mortibus
301 544 407 562 suorum
418 536 554 567 commoti,
567 536 599 560 ad
612 535 784 560 vindicandos
797 536 857 560 illos
870 536 1000 560 auxilinm
1013 543 1029 560 a
1042 536 1165 567 Philippo
1177 536 1320 566 petierunt.
1341 536 1436 560 Paucis

160 569 294 595 mensibus
307 573 368 600 post
380 576 472 600 pacem
483 568 747 600 Carthaginiensibus
757 568 857 599 datam,
871 568 1080 599 quingentesimo
1090 568 1311 604 quinquagesimo
1323 575 1392 592 anno
1405 568 1438 592 ab

160 601 234 626 Urbe
241 602 358 632 condita,
365 609 445 633 quum
454 587 670 631 Atheniensium,
679 600 723 632 qui
731 600 918 625 obsidebantur
926 608 941 624 a
949 600 1084 631 Philippo,
1094 601 1174 632 legati
1182 600 1311 624 auxilium
1319 608 1332 624 a
1343 605 1438 624 senatu

159 635 301 665 petissent,
313 637 340 658 et
357 637 464 658 senatus
477 633 503 657 id
515 632 663 657 censuisset
676 633 820 663 ferendum,
834 633 920 664 plebe,
933 633 999 664 qued
1015 637 1055 657 tot
1068 633 1195 657 hellurum
1207 632 1348 658 continuus
1364 632 1438 656 labor

158 666 247 698 gravis
260 669 328 697 erat,
341 665 525 696 dissentiente,
535 665 622 690 tenuit
631 665 776 689 auctoritas
788 665 906 696 Patrum,
920 670 949 689 ut
961 665 1038 689 sociae
1050 664 1155 689 civitati
1166 664 1229 689 ferri
1238 672 1317 701 opem
1326 665 1437 695 populus

158 706 264 730 quoque
275 698 393 730 juberet.
427 697 533 722 Bellum
547 697 572 721 id
586 697 614 722 P.
628 697 749 728 Sulpicio
762 697 864 721 consuli
877 698 1031 722 mandatum
1044 701 1101 721 est·
1095 715 1102 728 ,
1114 697 1169 729 qui,
1179 697 1300 721 exercitu
1311 696 1336 721 in
1348 697 1438 721 Mace-

158 731 264 755 doniam
277 731 368 762 ducto,
379 729 545 762 equestribus
558 729 654 760 proeliis
663 737 724 754 cum
733 730 856 761 Philippo
866 730 989 761 prospere
1000 730 1138 761 pugnavit.
1159 729 1280 760 Abydeni
1290 737 1306 753 a
1316 729 1438 760 Philippo

157 763 268 794 obsessi,
281 763 315 787 ad
326 770 421 793 exemp
424 762 477 787 lum
491 762 707 793 Saguntinorum,
719 770 780 786 suos
792 770 871 794 seque
883 763 1047 786 oeciderunt.
1083 762 1116 786 L.
1130 762 1227 786 Furius
1240 766 1334 792 praetor
1346 762 1438 786 Gallos

158 795 287 820 Insubres
300 770 466 826 rebellanptes,
477 798 505 819 et
517 794 697 818 Hamilcarem
710 794 829 824 Poenum,
843 794 960 819 bellum
954 802 980 818 1n
993 795 1026 819 ea
1038 799 1112 825 parte
1122 802 1175 818 mo
1168 794 1287 824 'ientem,
1296 794 1352 818 acie
1362 794 1437 818 vicit.

160 827 300 852 Hamilcar
311 835 343 852 eo
355 827 425 852 bello
437 827 540 851 occisus
553 830 604 858 est,
617 831 644 851 et
657 826 742 851 millia
755 813 890 851 homi’num
903 827 1014 859 triginta
1026 835 1082 851 sex.
1108 826 1240 850 Praeterea
1254 827 1438 882 egpeditiones

159 859 276 890 Philippi
289 859 357 896 regis
369 863 396 884 et
409 859 523 890 Sulpicii
544 859 673 890 consulis,
684 859 945 891 expugnationesque
959 859 1062 883 urbium
1082 858 1116 883 ab
1134 863 1244 889 utroque
1257 858 1271 882 f
1285 863 1342 883 ctas
1355 859 1439 883 conti-

159 896 216 916 net.
251 891 386 923 Sulpicius
397 891 499 920 consul
512 891 701 923 adjuvantibus
715 899 772 922 rege
786 891 880 916 Attalo
892 897 919 916 et
931 891 1052 922 Rhodiis,
1066 891 1162 916 bellum
1181 891 1297 923 gerebat.
1333 891 1439 915 'I'rium-

159 923 253 955 phavit
265 924 296 949 de
308 924 394 949 Gallis
407 919 440 948 L.
454 923 550 948 Furius
563 928 665 955 proetor.
703 923 853 956 [Csr.1—
863 931 891 949 ι..
929 931 955 949 u.
968 932 994 949 c.
1007 925 1053 949 551
1063 923 1160 948 —552
1196 931 1223 948 Δ.
1237 931 1262 948 e.
1269 923 1436 957 201—200.]

452 1059 618 1085 EPITOME
636 1059 737 1085 LIBRI
755 1059 953 1085 TRICESIMI
971 1059 1144 1086 SECUNDI.

193 1135 352 1160 Comuuns
365 1133 486 1172 prodigia
500 1141 532 1158 ex
545 1133 654 1159 diversis
667 1133 815 1166 regionibus
828 1134 952 1158 nuntiata
965 1134 1132 1158 reseruntur:
1150 1115 1218 1158 inter
1230 1142 1297 1166 quae,
1310 1134 1337 1159 in
1350 1134 1437 1159 Mace-

161 1167 259 1192 ᾶοιῐίθ.
253 1175 279 1192 m
292 1167 373 1198 puppi
386 1167 468 1197 longae
480 1166 556 1190 navis
569 1154 708 1190 lauream⁰
700 1174 758 1191 esse
777 1170 878 1191 natam.
913 1166 948 1190 T.
964 1166 1093 1192 Quintius
1106 1166 1274 1190 Flamininus
1286 1167 1379 1191 consul
1393 1168 1438 1192 ad-

160 1207 250 1224 versus
264 1199 414 1230 Philippum
426 1198 542 1224 feliciter
553 1199 683 1230 pugnavit
703 1198 729 1222 in
742 1198 864 1223 saucibus
881 1198 966 1230 Epiri,
988 1198 1161 1235 fugatumque
1183 1198 1271 1230 coe'git
1283 1198 1310 1222 in
1328 1206 1436 1230 regnum

161 1231 269 1256 reverti.
304 1231 365 1262 Ipse
379 1230 562 1261 Thessaliam,
574 1238 631 1262 quae
643 1234 684 1255 est
696 1230 784 1255 vicina
798 1231 972 1261 Macedoniae,
984 1230 1065 1255 sociis
1077 1230 1176 1255 AEtolis
1190 1234 1217 1255 et
1231 1231 1437 1263 Athamanibus,

160 1263 280 1288 vexavit.
300 1263 333 1288 L.
345 1262 474 1288 Quintius
485 1262 660 1294 Flamininus,
670 1263 786 1287 consulis
796 1263 887 1294 frater,
898 1263 991 1287 Attalo
1004 1270 1063 1294 rege
1074 1266 1102 1287 et
1114 1262 1225 1287 Rhodiis
1238 1249 1437 1300 adjuvantibus,

161 1296 188 1320 in
201 1295 328 1320 Euboeam
341 1298 368 1320 et
380 1295 542 1319 maritimam
552 1302 624 1319 oram
638 1295 776 1327 trajectus,
789 1295 923 1320 Eretriam
936 1295 1108 1326 expugnavit.
1144 1295 1254 1319 Achaei'
1249 1303 1275 1319 in
1288 1295 1438 1320 amicitiam

162 1327 260 1359 recepti
273 1331 344 1352 sunt.
379 1327 538 1359 Conjuratio
549 1335 696 1356 servorum.
709 1327 781 1351 facta
802 1328 835 1352 de
857 1327 990 1352 solvendis
1008 1327 1272 1358 Carthaginiensium
1291 1327 1437 1358 obsidibus,

161 1367 284 1391 oppressa
297 1363 357 1390 est,
349 1368 355 1374 ·
374 1359 427 1384 duo
439 1359 524 1383 millia
535 1359 622 1384 necati
634 1364 705 1384 sunt.
741 1359 884 1384 Praetorum
896 1367 1022 1384 numerus
1035 1359 1178 1390 ampliatus
1191 1363 1242 1390 est,
1256 1363 1285 1384 ut
1297 1359 1353 1384 seni
1366 1367 1439 1384 crea(-

161 1396 258 1416 rentur.
294 1391 434 1416 Cornelius
446 1391 580 1423 Cethegus
595 1391 688 1416 consul
705 1391 798 1416 Gallos
808 1391 932 1416 Insubres
944 1391 1035 1422 proelio
1047 1391 1125 1416 fudit.
1160 1392 1227 1415 Cum
1241 1391 1438 1416 Lacedaemoni-

161 1424 184 1448 is
195 1427 223 1448 et
234 1427 348 1455 tyranno
359 1431 451 1448 eorum
464 1411 569 1448 Nabide
589 1423 711 1448 amicitia
729 1424 824 1456 juncta
833 1427 885 1448 est.
920 1423 1051 1448 Praeterea
1067 1423 1279 1454 expugnationes
1292 1423 1416 1448 urbium·
1409 1431 1437 1449 m

162 1432 322 1481 Macedonia
332 1455 492 1481 referuntur.
519 1455 612 1489 ‘[Cs1².
627 1463 636 1480 1
647 1469 679 1474 —
689 1464 737 1481 ιι..
772 1463 800 1481 u.
815 1456 1006 1482 c.553—555.
1042 1464 1070 1481 A.
1084 1456 1207 1481 c.199-
1219 1455 1274 1480 197.
1278 1455 1288 1488 ]

471 1591 637 1617 ΕΡΙΤΟΜΕ
655 1592 758 1617 LIBRI
775 1592 972 1618 TRICESIMI
990 1592 1133 1617 TERTII.

195 1664 230 1690 T.
244 1665 396 1691 Qum-rius
409 1665 576 1691 Flamininus
589 1665 728 1697 proconsul
741 1673 801 1690 cum
814 1665 946 1697 Philippo,
967 1665 1000 1690 ad
1012 1665 1229 1702 Cynoscephalas
1248 1664 1275 1690 in
1293 1665 1438 1692 Thessalia

163 1697 220 1722 acie
234 1698 316 1730 victo,
327 1698 482 1722 debellavit.
518 1697 551 1722 L.
565 1697 694 1723 Quintius
707 1698 883 1729 Flamininus,
903 1698 983 1722 frater
1002 1697 1178 1729 proconsulis,
1191 1698 1354 1729 Acarnanes,
1367 1698 1438 1723 Leu-

161 1730 227 1754 cade
246 1716 316 1754 urbe
325 1730 406 1761 (quod
420 1733 502 1761 caput
513 1734 554 1754 est
572 1730 756 1766 Acarnanum)
770 1730 932 1761 expugnata,
945 1730 971 1754 in
981 1730 1140 1754 deditionem
1156 1729 1271 1760 accepit.
1306 1730 1339 1754 C.
1362 1730 1438 1755 Sem-

163 1762 271 1793 pronius
284 1761 435 1786 Tuditanus
453 1766 547 1793 praetor
560 1769 575 1785 a
586 1761 726 1786 Celtiberis
738 1769 800 1786 cum
811 1762 932 1786 exercitu
944 1769 1025 1786 caesus
1038 1765 1090 1786 est.
1125 1761 1246 1792 Attalus,
1259 1770 1275 1786 a
1287 1762 1386 1787 Thebis
1404 1763 1437 1787 ob

162 1793 278 1820 subitum
292 1794 474 1819 valetudinem
486 1794 644 1825 Pergamum
656 1794 812 1824 translatus,
824 1794 950 1818 decessit.
986 1794 1042 1818 Pax
1057 1794 1159 1825 petenti
1180 1794 1313 1825 Philippo,
1328 1794 1438 1820 Groeeiae

164 1826 282 1857 libertas,
294 1827 358 1851 data
369 1830 420 1851 est.
457 1826 489 1850 L.
500 1826 598 1851 Furius
611 1826 746 1857 Purpureo
759 1830 786 1850 et
798 1826 927 1851 Claudius
939 1826 1084 1850 Marcellus
1095 1826 1218 1851 consules
1232 1826 1311 1857 Bojos
1323 1830 1351 1850 ct
1362 1826 1438 1851 Insu-

163 1858 220 1883 bres
233 1858 325 1883 Gallos
338 1859 510 1890 subegerunt.
548 1858 693 1883 Marcellus
706 1858 889 1889 triumphavit.
925 1858 1071 1889 Hannibal,
1082 1858 1180 1882 frustra
1193 1858 1219 1882 in
1232 1858 1327 1883 Africa
1337 1859 1437 1884 bellum

163 1890 282 1921 molitus,
295 1895 323 1915 et
332 1891 366 1915 ob
378 1891 428 1915 hoc
440 1890 567 1915 Romanis
578 1898 621 1921 per
634 1891 762 1921 epistolas
774 1891 891 1915 adversae
903 1890 1027 1915 factionis
1040 1890 1188 1921 principum
1201 1890 1317 1921 delatus,
1331 1895 1438 1921 propter

162 1926 262 1947 metum
278 1923 468 1954 Romanorum,
480 1922 524 1954 qui
543 1923 642 1954 legatos
656 1923 687 1946 ad
700 1923 961 1954 Carthaginiensium
974 1926 1094 1947 senatum
1107 1923 1139 1947 de
1152 1930 1185 1947 eo
1196 1922 1335 1953 miserant,
1348 1923 1438 1954 profu-

162 1962 221 1986 gus,
239 1954 272 1979 ad
292 1955 454 1979 Antiochum
476 1962 564 1986 regem
589 1955 672 1986 Syriae
698 1963 724 1979 se
741 1955 867 1986 contulit,
893 1955 990 1979 bellum
1016 1958 1108 1979 contra
1135 1954 1269 1982 Romanos
1286 1958 1435 1986 parantem.

166 1987 245 2021 [Car.
260 1994 269 2011 1
279 2001 310 2006 —
318 1987 399 2012 11:11.
434 1994 463 2012 υ.
474 1997 501 2013 c.
509 1987 557 2012 555
565 2001 596 2006 -
605 1988 661 2012 557.
696 1996 724 2012 Δ.
736 1996 762 2012 e.
776 1987 821 2012 197
830 1986 938 2020 —195.]
