1617 2765
147 186 235 224 184
708 188 799 219 T1T1
822 187 932 218 L1v11

159 286 266 330 “que
285 283 484 320 Romanus
504 283 644 328 voluit;
690 295 774 331 ego,
804 290 844 319 ut
876 281 1070 319 consulem
1090 281 1227 318 ducem
1256 280 1434 318 adversus

161 338 184 357 ⁶⁶
199 334 453 371 Hannibalem
473 347 518 371 ac
539 335 674 372 Poenos
694 335 894 376 haberetis,
916 334 993 382 ipse
1027 346 1087 369 ine
1108 333 1196 369 huic
1226 332 1434 369 voluntario

161 390 185 409 ‘⁶
198 387 395 423 certamini
414 387 530 423 obtuli
549 400 558 430 3
589 400 684 423 novo
704 386 915 434 imperatori
937 385 1034 433 apud
1055 398 1169 421 novos
1189 385 1326 420 milites
1344 396 1435 432 pau-

161 441 185 461 ⁶⁶
198 451 244 475 ca
263 438 374 475 verba
394 438 568 474 facienda
586 446 683 475 sunt.
739 438 800 474 Ne
819 450 940 486 genus
959 437 1060 483 belli,
1093 449 1186 473 neve
1217 437 1360 473 hostem
1382 435 1435 484 ig-

161 491 362 534 ‘⁶noretis;
388 503 474 526 cum
499 490 544 526 iis
562 498 618 527 est
638 490 754 533 vobis,
775 490 924 532 milites,
945 489 1204 537 pugnandum,
1224 500 1316 536 quos
1337 487 1435 523 terra
1466 494 1483 518 5

160 547 184 565 ⁶⁶
198 542 363 590 marique
383 542 503 590 priore
524 542 621 578 bello
641 542 806 586 vicistis3
841 554 862 578 a
881 541 1016 589 quibus
1036 540 1265 588 stipendium
1291 552 1356 587 per
1385 539 1436 574 vi-

161 600 185 617 ⁶‘
199 594 292 643 giuti
314 607 432 630 annos
451 594 652 643 exegistis3
682 606 703 630 a
721 594 857 642 quibus
883 600 992 641 capta
1011 592 1098 628 belli
1117 592 1283 640 praemia,
1306 591 1436 627 Sicili-

159 650 184 669 ‘⁶
197 659 256 682 am
277 659 321 682 ac
343 645 568 692 Sardiniam,
589 646 743 682 habetis.
801 646 883 681 Erit
912 645 1024 693 igitur
1057 645 1095 680 in
1127 645 1197 680 hoc
1230 643 1435 679 certamine

160 699 228 734 “is
247 698 350 734 vobis
367 698 509 745 illisque
530 698 690 739 animus,
721 698 784 745 qui
816 697 1018 733 victoribus
1037 703 1074 732 et
1093 696 1201 732 victis
1221 707 1303 731 esse
1332 695 1435 731 solet.

160 754 184 772 ⁶⁶
200 750 282 786 Nec
303 762 406 786 nunc
426 749 491 796 illi,
511 750 598 797 quia
617 750 770 791 audent,
804 749 870 785 sed
899 748 987 796 quia
1017 760 1175 784 necesse
1205 755 1274 789 est,
1295 759 1436 795 pugna·
1451 751 1481 776 10

160 802 268 838 “turi
289 808 397 845 sunt3
427 802 499 838 nisi
519 801 685 848 creditis,
704 801 767 849 qui
787 801 956 837 exercitu
976 800 1155 836 incolumi
1186 811 1353 847 pugnam
1373 799 1437 834 de-

161 855 422 900 “trectavere‚
451 866 528 900 eos,
557 853 703 889 duabus
732 853 899 902 partibus
927 852 1094 900 peditum
1124 852 1366 899 equitumque
1398 851 1436 886 in

160 909 184 928 ‘⁶
198 905 353 942 transitu
395 906 549 954 Alpium
586 905 732 942 amissis
770 904 900 954 (quum
944 904 1068 953 plures
1109 916 1216 952 pzene
1246 903 1435 951 perierint,

160 961 184 980 ⁶⁶
199 959 310 1005 quam
331 959 563 1008 supersunt),
592 958 673 1006 plus
692 958 770 1006 spei
791 965 921 993 nactos
939 969 1033 992 esse.
1091 961 1100 979 ⁶
1119 956 1171 992 At
1189 955 1289 991 enim
1324 954 1435 1003 pauci

161 1013 184 1031 ‘⁶
199 1015 209 1032 ⁶
223 1010 373 1057 quidem
394 1017 491 1055 sunt,
513 1010 577 1045 sed
598 1010 767 1058 vigentes
796 1009 932 1045 animis
951 1008 1255 1056 corporibusque,
1275 1019 1434 1055 quorum
1452 1015 1480 1039 15

160 1065 184 1084 ‘⁶
197 1065 206 1084 ⁶
220 1062 352 1098 robora
371 1074 415 1098 ac
435 1062 530 1098 vires
551 1062 611 1098 vix
633 1062 816 1098 sustinere
836 1061 889 1097 vis
906 1061 979 1097 ulla
991 1060 1106 1108 possit
1123 1061 1130 1096 l
1147 1060 1155 1076 ’
1185 1059 1356 1108 Effigies,
1370 1059 1436 1094 im-

159 1117 183 1136 ⁶⁶
197 1111 256 1148 mo
276 1114 417 1150 umbrae
434 1113 641 1159 hominum,
662 1113 772 1156 fame,
807 1113 954 1161 frigore,
976 1112 1115 1155 illuvie,
1136 1111 1305 1159 squalore
1325 1123 1436 1147 enec-

161 1168 184 1187 ‘⁶
199 1165 238 1211 ti,
259 1165 406 1201 contusi
427 1178 471 1201 ac
491 1165 673 1201 debilitati
693 1166 789 1201 inter
805 1177 894 1201 saxa
914 1176 1097 1212 rupesque
1115 1177 1123 1199 z
1161 1164 1208 1199 ad
1229 1164 1323 1206 haec,
1344 1175 1436 1211 prae-

159 1220 183 1239 ⁶⁶
197 1217 267 1252 usti
289 1224 402 1263 artus,
423 1217 507 1253 nive
529 1217 692 1265 rigentes
719 1217 835 1262 nervi,
856 1216 1024 1252 membra
1050 1215 1188 1252 torrida
1207 1215 1307 1264 gelu,
1327 1227 1437 1262 quas-

158 1271 275 1304 “sata
306 1268 496 1317 fractaque
526 1281 640 1311 arma,
672 1269 797 1305 claudi
829 1281 874 1304 ac
910 1268 1053 1304 debiles
1081 1267 1178 1315 equi.
1235 1267 1333 1303 Cum
1363 1267 1435 1303 hoc
1448 1274 1481 1299 90

159 1322 182 1343 ⁶⁶
195 1320 330 1368 equite,
351 1333 439 1357 culn
460 1321 530 1357 hoc
548 1321 673 1369 pedite
689 1320 889 1370 pugnaturi
909 1320 998 1356 estis
1015 1333 1024 1364 3
1053 1319 1229 1368 reliquias
1248 1326 1436 1355 extremas

158 1373 371 1420 “hostium,
409 1386 483 1410 non
514 1373 648 1419 hostes,
679 1373 876 1409 habebitis.
934 1374 994 1409 Ac
1023 1372 1116 1409 nihil
1145 1371 1265 1420 magis
1293 1384 1434 1414 vereor,

158 1424 306 1472 ⁶⁶quam
328 1438 389 1472 ne,
409 1438 472 1462 vos
491 1437 605 1473 quum
634 1425 900 1474 pugnaveritis,
936 1425 1052 1474 Alpes
1085 1424 1218 1461 vicisse
1240 1423 1437 1460 Hanniba-

159 1476 269 1513 “lem
305 1477 513 1515 videantur.
586 1478 662 1513 Sed
700 1478 752 1513 ita
780 1477 933 1513 forsitan
961 1477 1102 1522 decuit,
1132 1488 1218 1512 cum
1249 1475 1433 1511 foederum

158 1531 182 1550 ⁶‘
196 1536 344 1577 ruptore
364 1529 462 1566 duce
481 1541 526 1565 ac
546 1529 681 1578 populo
700 1529 802 1565 Deos
822 1529 932 1577 ipsos,
967 1529 1048 1564 sine
1074 1528 1147 1564 ulla
1168 1528 1332 1563 humana
1351 1539 1433 1575 ope,
1447 1534 1480 1559 25

158 1582 182 1602 ⁶⁶
195 1581 428 1617 committere
448 1593 493 1617 ac
512 1581 708 1630 profligare
729 1581 867 1617 bellum
885 1593 895 1624 3
925 1593 1005 1623 nos,
1025 1580 1088 1628 qui
1104 1580 1316 1616 secundum
1332 1578 1435 1615 Deos

158 1635 182 1654 ⁶⁶
199 1632 322 1669 violati
342 1645 484 1680 sumus,
505 1634 747 1669 commissum
768 1645 813 1669 ac
828 1632 1064 1682 profligatum
1084 1631 1285 1668 conficere.

212 1736 319 1774 XLI.
367 1741 391 1761 ⁶⁶
408 1737 496 1774 Non
526 1750 666 1785 vereor,
695 1751 743 1774 ne
772 1737 854 1786 quis
882 1749 942 1774 me
973 1737 1043 1774 hoc
1071 1736 1182 1773 vestri
1212 1735 1435 1772 adhortandi

157 1792 180 1811 ⁶⁶
195 1790 311 1825 causa
331 1790 530 1838 magnifice
550 1790 649 1838 loqui
669 1790 882 1835 existimet3
913 1790 1032 1838 ipsum
1054 1789 1159 1825 aliter
1179 1788 1304 1825 animo
1324 1787 1436 1824 affec-

157 1845 272 1876 “tum
293 1854 387 1878 esse.
444 1842 571 1878 Licuit
589 1843 628 1878 in
662 1842 900 1890 Hispaniam,
933 1841 1163 1890 provinciam
1197 1852 1331 1884 meam,
1361 1838 1433 1887 quo
1448 1848 1480 1872 :30

157 1892 267 1940 “jam
288 1893 476 1941 profectus
495 1906 610 1940 eram,
631 1907 718 1930 cum
738 1894 906 1930 exercitu
927 1894 979 1929 ire
1000 1905 1109 1935 me03
1144 1892 1206 1928 ubi
1226 1899 1264 1927 et
1284 1891 1435 1927 fratrem

158 1949 181 1968 ⁶‘
195 1945 342 1980 consilii
373 1945 591 1993 participem
621 1957 666 1981 ac
698 1945 855 1993 periculi
885 1945 1029 1981 socium
1061 1944 1248 1988 haberem,
1271 1951 1310 1979 et
1339 1943 1436 1979 Has-

158 2001 182 2020 “
196 1996 389 2033 drubalem
410 1996 544 2045 potius,
564 1997 674 2044 quam
703 1996 972 2042 Hannibalem,
1003 1996 1160 2039 hostem,
1195 2003 1233 2032 et
1252 1995 1434 2031 minorem

158 2052 182 2072 ⁶⁶
196 2048 295 2084 haud
315 2048 430 2085 dubie
451 2048 587 2085 molem
618 2048 703 2084 belli
722 2060 729 2084 :
768 2054 908 2093 tamen,
928 2060 1041 2095 quum
1063 2048 1351 2095 praeterveherer
1371 2059 1435 2083 na-

158 2105 182 2125 ⁶⁶
196 2100 302 2136 vibus
321 2101 453 2137 Galliae
472 2113 586 2145 oram,
608 2100 653 2136 ad
675 2100 810 2136 famam
832 2099 941 2148 hujus
961 2099 1076 2136 hostis
1097 2099 1134 2135 in
1154 2106 1290 2135 terram
1311 2111 1435 2147 egres·
1448 2109 1480 2133 :35

158 2157 182 2176 ⁶⁶
196 2165 271 2195 sus,
292 2153 482 2201 praemisso
501 2153 680 2201 equitatu,
701 2152 747 2188 ad
768 2152 998 2188 Rhodanum
1021 2151 1116 2187 movi
1130 2158 1262 2187 castra.
1294 2150 1436 2198 Eques-

159 2209 182 2228 ⁶⁶
196 2204 239 2239 tri
260 2204 404 2252 proelio,
424 2206 495 2252 qua
524 2212 627 2252 parte
646 2204 838 2252 copiarum
859 2203 1081 2239 conserendi
1115 2215 1268 2239 manum
1289 2202 1437 2239 fortuna

158 2260 183 2280 ‘⁶
195 2255 283 2291 data
309 2263 378 2302 est,
408 2257 551 2292 hostem
572 2256 650 2292 fudi
672 2268 680 2293 ε
725 2255 893 2304 peditum
923 2268 1073 2303 agmen,
1102 2255 1200 2303 quod
1222 2255 1259 2291 in
1282 2255 1435 2290 modum

159 2307 420 2356 “fugientium
441 2308 573 2356 raptim
593 2308 786 2357 agebatur,
814 2307 902 2356 quia
929 2307 1076 2355 assequi
1109 2307 1208 2343 terra
1241 2319 1315 2343 non
1335 2313 1436 2354 pote-

160 2364 183 2383 ·-⁶
196 2371 289 2406 ram,
309 2372 500 2408 regressus
520 2360 565 2395 ad
596 2372 723 2402 naves,
743 2360 883 2406 quanta
903 2360 1065 2395 maxima
1094 2359 1285 2395 celeritate
1319 2358 1432 2406 potui,
1447 2368 1478 2392 40

160 2414 183 2434 ⁶⁶
197 2418 303 2448 tanto
323 2411 435 2448 maris
454 2419 709 2458 terrarumque
730 2411 901 2456 circuitu,
929 2412 965 2447 in
988 2412 1178 2447 radicibus
1199 2411 1352 2458 Alpium
1371 2409 1435 2445 ob-

161 2463 280 2500 “vius
312 2463 377 2500 fui.
451 2463 554 2500 Huic
583 2463 750 2500 timendo
771 2463 865 2500 hosti
895 2463 1031 2508 utrum,
1061 2476 1174 2512 quum
1203 2462 1433 2499 declinarem
