1617 2765
597 171 737 204 LIBER
760 171 886 202 XXVI.
924 181 1006 203 CAP.
1030 182 1076 203 xr.
1380 174 1460 213 215

228 271 302 310 XI.
333 271 487 308 Postero
505 268 567 304 die
587 274 843 316 transgressus
864 266 1054 303 Anienem
1078 266 1271 304 Hannibal
1286 268 1323 305 in
1338 269 1459 307 aciem

175 338 308 362 omnes
327 322 457 372 copias
489 320 644 357 eduxit:
687 331 760 356 nec
794 318 958 355 Flaccus
987 319 1236 367 consulesque
1267 329 1460 359 certamen

174 376 441 414 detrectavere.
497 372 700 409 Instructis
719 372 906 420 utrimque
919 371 1149 408 exercitibus
1164 370 1202 408 in
1224 372 1305 421 ejus
1323 386 1460 423 pugnae

174 441 316 474 casum,
337 428 376 464 in
395 427 466 475 qua
487 425 576 462 urbs
595 425 722 461 Roma
742 424 872 461 victori
893 424 1090 472 praemium
1123 431 1234 468 esset,
1266 425 1385 462 imber
1405 427 1461 463 in-

145 492 268 531 5gens
284 479 469 530 grandine
493 477 633 514 mixtus
654 477 705 514 ita
735 484 931 525 utramque
961 477 1083 513 aciem
1116 477 1292 521 turbavit,
1325 485 1365 514 ut
1399 479 1459 516 vix

173 534 286 571 armis
305 531 461 570 retentis
481 531 519 567 in
541 537 664 566 castra
693 541 775 566 sese
802 529 1027 578 receperint,
1058 529 1197 566 nullius
1226 530 1280 566 rei
1301 530 1459 577 minore,

172 587 284 634 quam
305 585 480 629 hostium,
502 590 616 620 metu.
674 581 724 618 Et
743 589 891 630 postero
907 582 969 618 die
999 583 1134 619 eodem
1167 582 1252 619 loco
1281 582 1383 620 acies
1404 583 1461 620 in-

171 645 333 675 structas
361 637 495 673 eadem
524 642 727 684 tempestas
758 634 931 671 diremit:
979 635 1042 671 ubi
1079 635 1313 684 recepissent
1345 649 1384 672 se
1422 636 1460 672 in

171 702 308 733 castra,
329 689 424 726 mira
444 688 628 725 serenitas
648 700 735 724 cum
756 687 1024 736 tranquillitate
1038 687 1239 724 oriebatur.
1298 688 1342 724 In
1376 688 1462 725 reli-

129 753 158 778 10
170 743 323 792 gionem
343 755 389 779 ea
409 754 468 778 res
487 741 584 789 apud
606 740 745 777 Poenos
766 752 872 776 versa
891 747 948 776 est
965 753 972 776 :
1003 740 1205 789 auditaque
1226 753 1295 778 vox
1313 741 1462 778 Hanni-

172 796 274 842 balis>
288 795 418 837 fertur,
439 795 462 816 “
481 793 678 830 Potiundae
699 792 769 829 sibi
790 793 893 829 urbis
913 793 1049 829 Romae
1070 793 1182 830 modo
1201 801 1368 830 mentem
1384 807 1459 831 non

171 850 194 870 “
209 848 303 891 dari,
324 845 436 884 mode>
456 845 685 883 fortunam.”
743 844 922 882 Minuere
942 846 1055 882 etiam
1077 858 1182 894 spem
1206 846 1287 895 ejus
1306 854 1344 883 et
1364 847 1460 893 aliae,

170 913 284 950 parva
302 911 530 948 magnaque,
550 911 634 936 res:
665 911 804 947 magna
824 898 898 945 illa,
919 898 1032 946 quod,
1053 911 1168 947 quum
1188 899 1268 947 ipse
1302 899 1349 935 ad
1371 912 1461 936 moe-

170 953 235 989 nia
254 953 358 989 urbis
378 952 514 988 Romae
534 958 699 987 armatus
719 951 879 995 sederet,
901 951 1039 987 milites
1059 951 1129 987 sub
1153 951 1298 988 vexillis
1319 952 1356 988 in
1377 965 1463 1000 sup-

127 1014 157 1040 15
168 1005 402 1054 plementum
424 1003 622 1052 Hispaniae
641 1003 830 1051 profectos
849 1003 1014 1039 audivit:
1054 1016 1167 1051 parva
1187 1011 1328 1050 autem,
1358 1003 1458 1052 qued

169 1070 234 1108 per
253 1069 318 1094 eos
336 1056 419 1093 dies
437 1068 526 1092 eum
560 1055 654 1092 forte
689 1067 834 1104 agrum,
870 1055 908 1091 in
941 1068 1015 1104 quo
1039 1055 1117 1104 ipse
1139 1065 1262 1093 castra
1292 1056 1460 1103 haberet,

168 1109 332 1157 venisse,
352 1108 446 1146 nihil
466 1108 514 1146 ob
533 1108 571 1145 id
601 1108 797 1145 deminuto
826 1108 959 1156 pretio,
993 1108 1189 1158 cognitum
1223 1121 1270 1145 ex
1298 1109 1461 1157 quodam

169 1162 317 1212 captivo
335 1169 404 1199 est.
462 1161 507 1197 Id
527 1160 616 1197 vero
637 1159 731 1197 adeo
747 1161 951 1209 superbum
973 1168 1084 1209 atque
1102 1161 1303 1210 indignum
1324 1162 1459 1209 visum,

168 1215 251 1265 ejus
270 1215 350 1261 soli,
380 1214 480 1263 quod
499 1214 579 1263 ipse
600 1213 698 1250 bello
717 1221 871 1262 captum
903 1214 1114 1262 possideret
1134 1214 1375 1263 haberetque,
1406 1214 1462 1251 in-

123 1276 155 1301 20
170 1275 322 1305 ventum
342 1267 480 1314 Romae
499 1273 706 1316 emptorem
724 1279 734 1310 3
765 1273 817 1309 ut,
838 1266 1026 1314 extemplo
1046 1274 1179 1303 vocato
1198 1279 1386 1316 praecone,
1408 1274 1462 1304 ta-

169 1321 307 1358 bernas
327 1319 574 1370 argentarias,
594 1332 676 1368 quae
697 1319 800 1356 circa
820 1318 940 1355 forum
963 1319 1184 1356 Romanum
1207 1327 1300 1356 tunc
1319 1327 1459 1364 essent,

164 1374 320 1423 jusserit
339 1373 481 1410 venire.
539 1372 612 1409 His
631 1379 754 1409 motus
775 1372 821 1408 ad
843 1371 1001 1408 Tutiam
1029 1371 1185 1409 fluvium
1219 1380 1343 1409 castra
1362 1379 1461 1409 retu-

166 1427 220 1470 lit,
242 1438 311 1463 sex
331 1425 449 1462 millia
468 1438 645 1474 passuum
667 1425 713 1460 ab
747 1424 875 1461 Urbe:
926 1424 1016 1461 inde
1049 1425 1096 1461 ad
1126 1425 1257 1462 lucum
1287 1425 1460 1462 Feroniae

166 1479 290 1528 pergit
309 1478 376 1525 ire,
395 1478 577 1526 templum
598 1477 645 1514 ea
664 1484 886 1526 tempestate
904 1476 1087 1525 inclytum
1104 1478 1256 1514 divitiis.
1286 1478 1461 1527 Capena·

121 1539 154 1564 2³·
167 1539 223 1568 tes
243 1531 356 1580 aliqui
373 1530 514 1567 accolae
527 1530 608 1579 ejus
624 1538 732 1566 erant
746 1542 755 1574 3
776 1529 960 1578 primitias
974 1529 1121 1579 frugum
1136 1531 1181 1566 eo
1197 1531 1370 1579 donaque
1385 1531 1460 1567 alia

166 1597 234 1633 pro
253 1584 363 1633 copia
381 1590 588 1632 portantes,
608 1582 727 1619 multo
743 1595 834 1619 auro
851 1590 1082 1631 argentoque
1100 1583 1136 1619 id
1151 1591 1373 1620 exornatum
1395 1583 1461 1620 ha-

167 1637 320 1673 bebant.
377 1636 450 1672 His
469 1636 646 1672 omnibus
665 1635 775 1672 donis
794 1642 873 1671 tum
901 1635 1100 1684 spoliatum
1122 1636 1305 1684 templum
1323 1649 1331 1673 :
1375 1636 1460 1673 aeris

169 1688 307 1731 acervi,
324 1700 441 1736 quum
460 1688 599 1724 rudera
617 1687 756 1724 milites
775 1687 958 1736 religione
992 1688 1140 1724 inducti
1170 1688 1356 1737 jacerent,
1376 1697 1460 1737 post

167 1740 440 1790 prosectionem
455 1739 834 1789 Hannibalis,magni
846 1740 1001 1776 inventi.
1025 1740 1150 1789 Hujus
1161 1741 1353 1789 populatio
1366 1748 1459 1777 tem-

122 1801 155 1826 30
169 1794 218 1843 pli
238 1793 338 1830 haud
351 1792 467 1830 dubia
479 1792 576 1829 inter
589 1792 792 1840 scriptores
805 1800 872 1828 est.
929 1792 1088 1836 Coelius,
1109 1792 1277 1829 Romam
1302 1800 1459 1830 euntem

168 1847 216 1883 ab
234 1846 350 1883 Ereto
368 1845 565 1882 divertisse
585 1843 630 1882 eo
650 1844 924 1891 Hannibalem,
944 1845 1058 1881 tradit
1075 1858 1083 1881 z
1128 1845 1272 1894 iterque
1292 1846 1376 1895 ejus
1396 1846 1460 1882 ab-

167 1899 307 1942 Reate,
327 1897 568 1946 Cutiliisque,
589 1904 627 1934 et
656 1897 703 1933 ab
736 1897 939 1934 Amiterno
967 1898 1133 1935 orditur:
1180 1911 1227 1935 ex
1246 1898 1459 1947 Campania

166 1951 207 1988 in
227 1951 440 1998 Samnium,
460 1950 550 1987 inde
569 1950 609 1986 in
639 1949 818 1998 Pelignos
842 1950 1059 1998 pervenisse
1077 1963 1085 1995 ;
1129 1958 1336 2000 praeterque
1356 1951 1460 2000 oppi-

167 2004 258 2042 dum
297 2004 520 2041 Sulmonem
557 2003 596 2040 in
637 2001 879 2039 Marrucinos
921 2003 1103 2039 transisse
1121 2016 1129 2048 ;
1176 2004 1266 2040 inde
1297 2002 1458 2041 Albensi

121 2064 154 2090 35
168 2070 258 2106 agro
277 2056 317 2093 in
339 2056 499 2100 Marsos,
520 2055 610 2092 hinc
630 2055 887 2101 Amiternum,
905 2055 1139 2105 Forulosque
1155 2056 1282 2093 vicum
1296 2056 1457 2093 venisse.

168 2110 304 2158 Neque
325 2109 376 2146 ibi
396 2121 498 2146 error
516 2116 585 2154 est,
604 2106 703 2157 quod
724 2108 818 2144 tanti
852 2108 1040 2146 exercitus
1073 2109 1231 2158 vestigia
1263 2109 1363 2146 intra
1380 2115 1458 2146 tam

169 2162 292 2199 brevis
312 2162 380 2198 aevi
399 2160 620 2198 memoriam
640 2161 831 2210 potuerint
847 2161 1054 2198 confundi:
1084 2162 1157 2198 isse
1178 2162 1282 2198 enirn
1303 2162 1350 2198 ea
1370 2174 1458 2198 con-

168 2221 252 2252 stat.
309 2213 477 2251 Tantum
498 2213 537 2250 id
566 2214 735 2257 interest,
756 2214 952 2251 veneritne
981 2227 1027 2252 eo
1055 2214 1190 2252 itinere
1224 2215 1271 2252 ad
1299 2214 1456 2261 Urbem,

170 2279 219 2305 an
237 2267 286 2304 ab
304 2266 407 2305 Urbe
427 2267 465 2304 in
487 2266 739 2316 Campaniam
759 2267 925 2305 redierit.
