1638 2765
590 193 730 225 LIBER
753 193 779 223 1.
824 184 905 224 etp.
930 203 1001 224 m.
1379 193 1427 230 21

160 287 330 325 flamines
349 286 512 335 adjecit3
542 286 655 323 Marti
675 299 805 329 unum,
827 286 984 323 alterum
1003 285 1179 325 Quirino.
1236 286 1431 334 Virgines-

159 352 231 388 que
252 340 376 375 Vestae
395 338 498 387 legit,
519 339 617 375 Alba
636 339 837 375 oriundum
867 338 1131 383 sacerdotium,
1161 344 1198 372 et
1216 339 1319 385 genti
1340 351 1429 374 con-

159 391 288 427 ditoris
325 390 424 426 haud
458 390 634 426 alienum.
692 390 776 435 His,
806 397 846 426 ut
882 389 1041 425 assiduae
1079 389 1207 436 templi
1244 390 1428 426 antistites

157 449 296 487 essent,
330 441 557 489 stipendium
591 442 637 478 de
670 442 821 490 publico
841 441 993 477 statuit:
1041 440 1252 488 virginitate
1273 441 1428 488 aliisque

128 493 392 529 5caeremoniis
411 493 641 529 venerabiles
675 505 719 529 ac
752 500 901 529 sanctas
931 493 1031 529 fecit.
1089 492 1210 528 Salios
1230 492 1316 528 item
1339 493 1429 528 duo-

157 545 281 581 decim
302 544 412 581 Marti
433 545 596 581 Gradivo
616 545 729 593 legit3
769 545 981 592 tunicaeque
1001 545 1110 592 pictae
1141 544 1289 592 insigne
1312 544 1427 587 dedit,

156 604 193 633 et
212 609 322 645 super
341 596 509 632 tunicam
526 609 671 633 aeneum
687 597 827 644 pectori
844 597 1008 645 tegimen
1027 609 1036 640 3
1057 596 1296 643 coelestiaque
1314 608 1427 641 arma,

155 661 237 696 quae
260 648 411 684 Ancilia
430 649 674 697 appellantur,
695 649 803 694 ferre,
837 661 881 684 ac
914 661 978 696 per
1012 649 1141 684 urbem
1176 648 1228 683 ire
1249 657 1429 684 canentes

155 700 324 736 carmina
356 712 443 736 cum
476 701 647 748 tripudiis
680 700 897 748 solennique
931 700 1064 736 saltatu
1091 699 1211 748 jussit.
1279 699 1429 736 Pontifi-

113 760 238 788 locem
259 752 396 788 deinde
416 752 583 788 Numam
618 752 818 797 Marcium,
855 752 974 788 Marci
1009 752 1140 795 filium,
1175 764 1220 787 ex
1254 752 1427 788 Patribus

155 803 270 851 legit;
299 804 407 851 eique
428 816 534 840 sacra
562 805 690 840 onmia
721 803 911 852 exscripta
943 804 1211 852 exsignataque
1232 804 1424 848 attribuit;

155 856 289 902 quibus
310 856 449 900 hostiis,
470 856 604 903 quibus
624 856 769 898 diebus,
792 857 836 892 ad
857 868 939 903 quae
969 856 1118 904 templa,
1154 868 1259 891 sacra
1280 856 1424 899 fierent,

155 914 264 954 atque
294 908 395 943 unde
425 907 463 943 in
495 920 559 943 eos
592 915 761 955 sumptus
793 908 956 955 pecunia
984 915 1209 955 erogaretur.
1280 908 1426 944 Caetera

124 977 135 981 2
154 971 301 1006 quoque
322 959 450 994 omnia
468 959 619 1006 publica
638 960 852 1007 privataque
872 971 979 994 sacra
997 959 1184 1006 pontificis
1208 959 1311 994 scitis
1340 960 1426 995 sub-

112 1010 268 1059 15jecit3
315 1017 356 1046 ut
383 1017 495 1052 esset,
528 1009 600 1058 quo
633 1010 847 1047 consultum
884 1010 1012 1059 plebes
1041 1011 1210 1054 veniret3
1258 1023 1305 1046 ne
1337 1011 1425 1058 quid

153 1061 269 1098 divini
285 1062 391 1111 juris,
412 1062 640 1111 negligendo
659 1063 797 1110 patrios
825 1062 930 1109 ritus,
964 1062 1256 1111 peregrinosque
1287 1063 1426 1099 adscis-

153 1114 288 1161 cendo,
321 1114 543 1150 turbaretur.
608 1114 694 1150 Nec
723 1114 896 1150 coelestes
928 1114 1037 1150 mode>
1070 1114 1325 1157 caeremonias,
1360 1116 1425 1151 sed

150 1165 251 1214 justa
269 1178 413 1214 quoque
434 1166 618 1213 funebria,
640 1167 917 1215 placandosque
948 1166 1095 1210 Manes,
1127 1173 1167 1203 ut
1185 1166 1286 1202 idem
1306 1167 1426 1215 ponti-

155 1217 215 1254 fex
233 1218 429 1262 edoceret;
469 1231 624 1267 quaeque
652 1218 834 1267 prodigia,
856 1218 1074 1254 fulminibus
1104 1219 1220 1255 aliove
1253 1231 1325 1266 quo
1345 1219 1425 1255 visu

108 1269 279 1312 20missa‚
299 1270 579 1318 susciperentur
599 1277 707 1318 atque
728 1277 969 1306 curarentur:
1009 1271 1055 1306 ad
1088 1283 1134 1307 ea
1162 1270 1349 1307 elicienda
1379 1284 1426 1307 ex

153 1321 342 1358 mentibus
374 1322 523 1368 divinis,
561 1322 645 1358 Jovi
678 1322 800 1358 Elicio
833 1335 934 1358 aram
968 1322 1007 1358 in
1040 1322 1231 1359 Aventino
1263 1323 1423 1368 dicavit;

153 1372 351 1422 Deumque
371 1373 559 1411 consuluit
578 1374 756 1424 auguriis,
776 1386 857 1423 quae
873 1374 1113 1424 suscipienda
1131 1381 1266 1412 essent.

204 1482 317 1520 XXI.
360 1483 423 1520 Ad
453 1484 534 1521 haec
564 1482 811 1521 consultanda
842 1481 1150 1534 procurandaque
1183 1481 1424 1522 multitudine

150 1535 253 1572 omni
273 1548 294 1572 a
314 1535 347 1572 vi
366 1543 403 1572 et
422 1537 534 1573 armis
553 1539 746 1580 conversa,
767 1544 805 1574 et
834 1538 948 1580 animi
982 1538 1120 1585 aliquid
1147 1538 1294 1586 agendo
1312 1551 1425 1574 occu-

107 1599 139 1624 25
152 1587 226 1636 pati
246 1595 367 1631 erant,
387 1595 425 1625 et
443 1588 611 1625 Deorum
631 1589 781 1625 assidua
800 1589 968 1626 insidens
984 1602 1088 1636 cura,
1108 1603 1220 1638 quum
1242 1590 1423 1626 interesse

151 1639 263 1676 rebus
282 1640 455 1676 humanis
474 1641 625 1678 coeleste
646 1641 800 1684 Numen
821 1642 1020 1688 videretur,
1040 1642 1084 1677 ea
1103 1642 1239 1691 pietate
1255 1642 1423 1678 omnium

151 1698 301 1740 pectora
321 1691 516 1739 imbuerat,
537 1701 577 1729 ut
597 1693 689 1729 fides
715 1706 758 1730 ac
788 1694 1065 1742 jusjurandum,
1097 1694 1264 1742 proximo
1297 1694 1423 1742 legum

151 1755 196 1779 ac
228 1756 422 1792 poenarum
453 1752 565 1790 metu,
597 1745 785 1781 civitatem
819 1752 992 1794 regerent
1009 1758 1017 1781 :
1073 1753 1110 1782 et
1141 1758 1255 1794 quum
1286 1746 1354 1794 ipsi
1384 1757 1424 1781 se

151 1795 322 1831 homines
354 1796 393 1832 in
427 1797 538 1845 regis,
573 1797 673 1833 velut
702 1798 805 1833 unici
838 1798 1012 1846 exempli,
1043 1810 1164 1834 mores
1194 1798 1394 1834 formarent
1411 1811 1420 1841 3

106 1853 228 1884 aotum
250 1847 397 1884 finitimi
417 1849 529 1885 etiam
549 1849 685 1897 populi,
706 1850 768 1896 qui
789 1849 887 1892 ante,
915 1857 1049 1896 castra,
1070 1862 1144 1886 non
1165 1850 1308 1892 urbem,
1329 1850 1424 1897 posi-

150 1905 226 1935 tam
246 1899 284 1935 in
304 1900 429 1937 medio
449 1901 495 1936 ad
515 1901 788 1937 sollicitandam
817 1901 984 1937 omnium
1004 1914 1150 1950 pacem,
1172 1902 1422 1949 crediderant,

150 1950 189 1987 in
209 1963 293 1988 eam
321 1953 586 1989 verecundiam
615 1953 768 1989 adducti
803 1960 900 1995 sunt,
933 1960 974 1990 ut
1007 1954 1208 2003 civitatem,
1239 1960 1353 1990 totam
1384 1954 1421 1989 in

150 2003 293 2040 cultum
325 2016 468 2040 versam
502 2004 681 2048 Deorum,
706 2005 846 2041 -violari
879 2005 1062 2042 ducerent
1105 2005 1221 2042 nefas.
1294 2005 1423 2042 Lucus

150 2062 240 2099 erat,
273 2068 384 2103 quem
418 2056 584 2092 medium
614 2069 660 2093 ex
688 2069 807 2105 opaco
839 2070 954 2105 specu
985 2057 1066 2093 fons
1094 2058 1250 2105 perenni
1278 2058 1423 2106 rigabat

107 2118 139 2144 35
151 2107 246 2155 aqua
263 2120 271 2143 ε
301 2108 374 2155 quo
392 2109 480 2156 quia
498 2121 537 2144 se
556 2121 720 2157 persaepe
741 2109 869 2144 Numa
884 2110 964 2145 sine
981 2110 1140 2152 arbitris,
1157 2109 1256 2145 velut
1273 2110 1318 2145 ad
1335 2122 1424 2146 eon-

150 2170 318 2206 gressum
335 2159 440 2206 Deae,
457 2160 651 2205 inferebat,
669 2160 862 2197 Camoenis
877 2173 963 2196 eum
976 2161 1104 2197 lucum
1121 2161 1280 2197 sacravit
1296 2174 1305 2205 3
1326 2160 1422 2209 quod

151 2222 279 2246 earum
298 2211 349 2248 ibi
369 2212 531 2248 concilia
550 2225 635 2251 curn
656 2213 818 2261 conjuge
835 2213 903 2249 sua
918 2212 1056 2261 Egeria
1072 2220 1208 2249 essent.
1246 2213 1295 2249 Et
1315 2212 1419 2264 [soli]

152 2260 261 2298 Fidei
283 2263 436 2300 solenne
453 2263 633 2301 instituit:
655 2264 700 2300 ad
717 2264 754 2300 id
771 2265 974 2301 sacrarium
996 2264 1165 2301 flamines
1186 2265 1292 2313 bigis,
1310 2278 1422 2302 curru

152 2319 316 2358 arcuato,
336 2315 419 2351 vehi
436 2315 559 2364 jussit,
579 2329 767 2363 manuque
801 2317 846 2352 ad
867 2317 1002 2365 digitos
1022 2330 1138 2365 usque
1160 2317 1323 2353 involuta-*1
1344 2329 1422 2353 rem

107 2376 139 2401 40
153 2364 316 2401 divinam
350 2365 496 2410 facere3
543 2368 800 2416 significantes
833 2368 946 2404 fidem
977 2370 1185 2412 tutandam,
1220 2370 1421 2415 sedemque

151 2416 233 2465 ejus
251 2417 363 2453 etiam
397 2417 435 2453 in
468 2419 606 2455 dextris
625 2428 809 2456 sacratam
832 2433 925 2456 esse.
982 2420 1104 2458 Multa
1133 2421 1204 2457 alia
1237 2420 1422 2456 sacrificia

150 2467 306 2518 locaque
326 2469 441 2506 saeris
461 2469 655 2518 faciendis,
675 2484 756 2520 quae
777 2472 923 2521 Argeos
941 2472 1137 2522 pontifices
1153 2480 1299 2517 vocant,
1321 2470 1422 2508 dedi-
