1617 2765
549 181 688 212 LIBER
710 179 805 210 XXI.
850 188 930 210 CAP.
948 189 1036 209 XLu.
1363 180 1438 217 185

158 281 183 300 “
196 281 402 321 certamen,
439 273 662 322 improvisus
699 273 878 310 incidisse
907 273 1049 319 videor,
1089 283 1136 307 an
1168 284 1370 308 occurrere
1400 272 1438 308 in

159 328 363 376 “vestigiis
398 326 514 375 ejus?
570 325 755 362 lacessere
792 337 836 361 ac
865 326 1013 361 trahere
1044 324 1091 359 ad
1120 324 1438 360 decernendum?

159 379 368 428 “Experiri
395 378 510 427 juvat,
543 377 667 414 utrum
704 378 796 414 alios
824 377 977 425 repente
1009 375 1347 424 Carthaginienses
1374 389 1439 424 per

159 438 183 454 “
197 431 327 480 viginti
347 443 466 466 annos
485 436 582 466 terra
601 429 770 466 edideret
787 442 796 465 τ
826 441 872 465 an
891 429 1004 465 iidem
1024 429 1112 471 sint,
1133 428 1195 475 qui
1216 427 1262 463 ad
1283 427 1440 475 AEgates

129 491 145 516 5
159 489 183 506 “
196 489 459 532 pugnaverunt
478 482 631 527 insulas,
653 489 690 518 et
708 494 800 530 quos
820 481 866 517 ab
886 481 1009 529 Eryce
1036 479 1308 516 duodevicenis
1328 480 1440 515 dena-

158 541 182 558 “
195 535 259 572 riis
279 534 479 571 aestimatos
499 534 697 570 emisistis:
739 540 776 570 et
795 534 926 570 utrum
959 531 1151 569 Hannibal
1182 532 1244 568 hic
1264 531 1311 567 sit
1330 543 1441 567 aernu-

158 587 253 623 “lus
271 587 446 624 itinerum
467 586 659 629 Herculis,
680 593 720 622 ut
740 586 819 634 ipse
840 585 921 628 fert,
947 597 995 621 an
1025 584 1219 633 vectigalis
1238 583 1441 632 stipendia·

157 639 345 687 “riusque
365 645 403 675 et
421 651 549 675 servus
569 638 694 687 populi
724 638 891 675 Romani
925 651 946 674 a
977 644 1082 686 patre
1102 636 1255 673 relictus
1272 649 1281 672 z
1328 648 1439 683 quem

157 694 181 714 “
195 691 268 727 nisi
305 690 558 739 Saguntinum
595 691 719 727 scelus
756 690 927 739 agitaret,
964 689 1170 738 respiceret
1196 687 1378 737 profecto,
1409 688 1439 724 si

114 749 144 775 10
158 746 182 766 ‘⁶
196 755 270 779 non
299 743 457 791 patriam
488 743 637 785 victam,
668 743 821 779 domum
851 742 967 785 certe,
988 749 1221 790 patremque,
1241 747 1278 777 et
1298 740 1440 776 foedera

158 795 427 832 “Hamilcaris
454 795 592 843 scripta
620 807 762 839 manu3
809 795 885 843 qui,
911 794 1036 843 jussus
1066 806 1087 829 a
1115 793 1271 829 consule
1301 800 1440 839 nostro,

159 853 183 870 “
197 847 413 895 praesidium
433 847 589 884 deduxit
617 847 664 883 ab
693 847 816 895 Eryce
833 861 842 891 3
888 847 951 895 qui
971 858 1103 895 graves
1122 845 1314 894 impositas
1334 844 1441 880 victis

159 898 575 948 “Carthaginiensibus
594 899 698 948 leges
718 899 881 935 fremens
911 910 1146 946 moerensque
1167 897 1338 945 accepit3
1378 896 1440 944 qui

159 957 183 973 “
200 951 387 987 decedere
425 950 567 996 Sicilia,
604 952 667 999 qui
705 951 932 999 stipendium
969 950 1106 998 populo
1147 949 1324 985 Romano
1352 949 1441 984 dare

114 1008 328 1051 1⁵“paetus
347 1009 416 1038 est.
474 1002 606 1050 Itaque
627 1015 690 1039 vos
710 1015 794 1051 ego,
816 1003 965 1048 milites,
986 1014 1062 1038 non
1089 1014 1134 1037 eo
1154 1001 1274 1037 solum
1302 1001 1440 1046 animo,

157 1061 181 1078 “
194 1067 268 1103 quo
287 1054 465 1091 adversus
485 1054 576 1090 alios
597 1055 722 1091 hostes
742 1055 881 1096 soletis,
902 1066 1072 1103 pugnare
1093 1053 1226 1097 velim;
1267 1053 1331 1089 sed
1353 1065 1440 1089 curn

158 1106 457 1156 “indignatione
486 1107 648 1154 quadam
678 1115 788 1155 atque
819 1107 898 1151 irin
942 1106 1043 1142 velut
1071 1106 1101 1142 si
1131 1118 1257 1141 servos
1285 1104 1442 1141 videatis

158 1165 182 1182 ‘⁴
195 1166 336 1196 vestros
355 1171 459 1195 arma
477 1159 631 1207 repente
652 1167 784 1196 contra
803 1171 866 1195 vos
887 1159 1061 1194 ferentes.
1120 1158 1259 1204 Licuit,
1281 1158 1327 1193 ad
1349 1157 1442 1204 Ery-

158 1217 279 1248 “cem
309 1211 469 1257 clausos,
490 1211 620 1248 ultimo
647 1211 831 1260 supplicio
864 1212 1125 1256 humanorum,
1160 1210 1271 1255 fame,
1301 1209 1441 1246 interfi-

112 1274 144 1300 20
159 1269 182 1286 “
198 1276 308 1300 cere:
337 1263 445 1299 licuit
463 1263 658 1300 victricem
678 1264 836 1300 classem
868 1263 905 1299 in
934 1263 1104 1299 Africam
1124 1261 1311 1311 trajicere,
1331 1269 1441 1309 atque

159 1315 295 1352 “intra
314 1328 456 1364 paucos
475 1315 556 1351 dies
576 1316 657 1352 sine
678 1316 754 1353 ullo
783 1316 990 1352 certamine
1011 1315 1282 1363 Carthaginem
1302 1314 1439 1350 delere.

159 1367 360 1404 “Veniam
397 1367 572 1404 dedimus
608 1368 871 1417 precantibus:
914 1368 1108 1404 emisimus
1139 1380 1185 1403 ex
1212 1366 1438 1403 obsidione:

158 1425 182 1442 ‘⁵
196 1432 329 1468 pacem
349 1433 436 1456 cum
457 1420 565 1456 victis
585 1421 769 1458 fecimus:
798 1420 924 1457 tutelae
945 1420 1082 1456 deinde
1099 1426 1234 1456 nostrae
1250 1419 1439 1462 duximus,

158 1478 182 1494 “
197 1484 311 1520 quum
333 1472 465 1508 Africo
479 1472 575 1508 bello
591 1480 825 1522 urgerentur.
870 1472 941 1509 Pro
958 1472 1015 1508 his
1029 1472 1237 1520 impertitis,
1259 1471 1440 1508 furiosum

112 1535 144 1560 25
159 1524 372 1574 “juvenem
392 1531 604 1572 sequentes,
624 1532 880 1574 oppugnatum
902 1525 1060 1573 patriam
1087 1531 1252 1560 nostram
1274 1524 1440 1560 veniunt.

158 1577 322 1625 “Atque
343 1576 485 1613 utinam
505 1588 572 1624 pro
600 1578 736 1614 decore
766 1578 916 1614 tantum
947 1577 1019 1613 hoc
1052 1576 1168 1618 vobis,
1203 1583 1241 1612 et
1270 1588 1346 1612 non
1375 1588 1441 1624 pro

162 1635 185 1651 ‘⁴
201 1629 334 1671 salute,
368 1635 467 1664 esset
496 1637 701 1666 certamen.
771 1629 861 1666 Non
880 1630 928 1665 de
958 1629 1194 1678 possessione
1225 1628 1367 1664 Siciliae
1397 1640 1442 1664 ac

110 1705 115 1710 -
160 1686 184 1703 “
199 1680 398 1726 Sardiniae,
436 1680 482 1716 de
510 1682 646 1728 quibus
674 1683 861 1730 quondam
906 1681 1101 1730 agebatur,
1139 1681 1204 1717 sed
1235 1693 1300 1729 pro
1330 1680 1442 1716 Italia

161 1738 186 1755 ‘⁴
201 1733 304 1769 vobis
323 1738 380 1769 est
399 1734 670 1781 pugnandum:
716 1746 790 1770 nec
822 1741 879 1770 est
913 1734 1007 1769 alius
1041 1733 1087 1768 ab
1106 1740 1211 1780 tergo
1239 1732 1440 1777 exercitus,

114 1794 145 1819 30
159 1785 184 1807 ‘⁴
197 1785 272 1833 qui,
293 1783 365 1821 nisi
382 1797 451 1820 nos
470 1784 668 1831 vincimus,
689 1786 784 1822 hosti
803 1786 959 1821 obsistat
975 1799 984 1828 3
1014 1798 1087 1821 nec
1108 1785 1226 1833 Alpes
1245 1784 1326 1820 aliae
1340 1791 1440 1830 sunt,

160 1842 287 1885 “quas
306 1837 396 1872 dum
416 1844 606 1884 superant,
628 1837 835 1886 comparari
857 1850 952 1873 nova
967 1837 1110 1885 possint
1123 1836 1306 1884 przesidia.
1363 1835 1441 1872 Hie

158 1894 183 1911 “
197 1896 254 1925 est
272 1887 512 1930 obstandum,
533 1889 682 1934 milites,
716 1889 816 1925 velut
837 1890 866 1925 si
888 1897 974 1925 ante
996 1889 1171 1925 Romana
1190 1888 1330 1924 moenia
1349 1900 1442 1936 pug-

158 1946 341 1977 “nemus.
396 1939 662 1989 Unusquisque
683 1953 723 1977 se
743 1953 818 1977 non
839 1954 974 1989 corpus
993 1953 1116 1984 suum,
1141 1940 1207 1976 sed
1236 1940 1440 1990 conjugem

158 1998 182 2015 ‘⁴
198 2005 242 2030 ac
262 1993 400 2029 liberos
418 2004 563 2040 parvos,
583 1993 696 2029 armis
715 1998 911 2042 protegere
944 2000 1049 2041 putet
1066 2006 1073 2029 :
1120 2005 1192 2028 nec
1212 1993 1440 2029 domesticas

112 2053 144 2079 35
158 2050 182 2068 “
195 2045 319 2082 solum
340 2044 456 2094 agitet
475 2057 598 2088 curas,
619 2045 685 2081 sed
706 2045 913 2082 identidem
940 2046 1011 2081 hoc
1032 2045 1158 2081 animo
1177 2051 1337 2093 reputet,
1357 2057 1441 2080 nos-

158 2102 182 2120 “
195 2104 271 2133 tras
290 2109 392 2133 nunc
422 2095 558 2132 intueri
577 2109 712 2133 manus
732 2104 904 2133 senatum
923 2097 1176 2145 populumque
1197 2097 1437 2141 Romanum3

159 2148 315 2196 “qualis
334 2155 462 2185 nostra
494 2148 548 2184 vis
576 2149 765 2197 virtusque
796 2149 918 2193 fuerit,
950 2149 1063 2185 talem
1083 2149 1221 2185 deinde
1250 2148 1438 2185 fortunam

158 2200 294 2237 “illius
312 2200 415 2237 urbis
435 2211 479 2236 ac
499 2201 665 2238 Romani
685 2202 831 2250 imperii
849 2201 964 2238 fore.'’

209 2304 337 2341 XLII.
384 2305 481 2342 Haec
518 2306 616 2354 apud
644 2305 841 2343 Romanos
871 2306 1014 2343 consul.
1089 2305 1295 2350 Hannibal,
1324 2305 1437 2342 rebus

113 2368 145 2393 40
156 2357 264 2406 prifls
284 2356 396 2405 quam
416 2358 539 2394 verbis
558 2358 808 2395 adhortandos
828 2358 964 2395 milites
992 2365 1106 2404 ratus,
1136 2358 1370 2394 circumdato
1391 2357 1436 2392 ad

157 2410 414 2458 spectaculum
436 2410 618 2456 exercitu,
648 2411 814 2459 captivos
842 2418 1040 2447 montanos
1073 2411 1217 2446 vinctos
1248 2410 1285 2446 in
1313 2409 1437 2445 medio

156 2462 284 2498 statuit
301 2475 309 2507 3
340 2463 524 2510 armisque
544 2462 701 2498 Gallicis
721 2470 806 2499 ante
825 2476 951 2499 eorum
981 2464 1095 2511 pedes
1114 2462 1300 2511 projectiS‚
1323 2462 1437 2497 inter-

579 2514 648 2550 16*
