1617 2765
569 190 707 223 LIBER
731 192 770 223 V.
816 200 895 222 eAP.
913 201 1020 221 xmn.
1363 191 1436 228 123

152 289 249 327 bulis
278 289 453 326 sedentes
483 285 590 329 viros,
621 293 755 334 praeter
792 293 967 322 ornatum
996 284 1240 342 habitumque
1270 285 1436 322 humano

151 342 416 391 augustiorem,
437 339 631 387 majestate
651 338 775 382 etiam
807 349 919 385 quam
955 336 1076 373 vultus
1104 337 1340 385 gravitasque
1361 338 1436 374 oris

151 407 227 443 prae
247 406 286 429 se
316 391 470 433 serebat,
503 389 712 426 simillimos
742 390 835 426 Diis.
894 389 956 424 Ad
985 401 1062 432 eos,
1094 389 1193 424 velut
1219 388 1433 435 simulacra,

153 445 246 482 versi
267 455 382 492 quum
402 449 555 487 starent,
579 442 631 478 Μ.
654 442 839 490 Papirius,
862 454 960 477 unus
992 453 1040 477 ex
1060 440 1131 484 his,
1152 440 1291 477 dicitur
1311 441 1432 484 Gallo,

123 509 139 533 5
153 497 305 533 barbam
325 507 429 531 suam
453 493 512 544 (ut
532 501 611 530 tum
640 495 816 530 omnibus
844 493 1027 551 promissa
1047 492 1144 543 erat)
1167 492 1433 541 permulcenti,

150 548 318 607 scipione
338 546 534 583 eburneo
526 559 563 582 in
585 553 698 594 caput
724 546 875 582 incusso
905 546 998 581 iram
1030 544 1212 582 movisse·
1204 572 1213 589 ,
1258 552 1367 592 atque
1388 545 1435 581 ab

150 613 196 637 eo
216 600 363 637 initium
384 599 502 636 caedis
521 605 667 634 ortum·
659 626 668 642 ,
708 605 866 634 caeteros
887 598 924 634 in
945 597 1098 633 sedibus
1118 597 1195 633 suis
1215 597 1434 633 trucidatos.

105 675 109 678 -
151 652 238 689 Post
257 652 469 700 principum
490 651 648 693 caedem,
679 650 772 686 nulli
792 650 930 686 deinde
952 649 1163 686 mortalium
1185 649 1302 698 parci,
1324 649 1433 698 diripi

150 712 261 750 tecta,
282 703 475 740 exhaustis
495 702 600 752 injici
621 703 738 751 ignes.

108 822 137 846 10
204 807 333 845 XLII.
363 807 569 852 Caeterum,
589 820 655 843 seu
676 819 751 843 non
780 806 957 843 omnibus
985 805 1156 842 delendoe
1187 806 1290 842 urbis
1318 805 1434 842 libido

151 868 243 907 erat,
280 873 346 896 seu
376 861 427 896 ita
463 860 656 908 placuerat
689 859 924 907 principibus
954 858 1161 905 Gallorum,
1190 865 1228 894 et
1256 858 1435 894 ostentari

150 913 321 960 quaedam
341 912 520 948 incendia
539 911 689 947 terroris
709 911 838 957 causa,
869 911 900 946 si
933 910 1108 959 compelli
1135 910 1181 946 ad
1202 910 1434 947 deditionem

150 965 308 1000 caritate
329 964 474 999 sedium
496 976 646 999 suarum
667 963 809 999 obsessi
830 970 1008 1010 possent3
1047 969 1084 998 et
1104 975 1180 998 non
1199 962 1327 998 onmia
1347 975 1435 998 con·

150 1016 309 1052 cremari
330 1022 440 1060 tecta,
463 1022 516 1061 ut,
545 1015 808 1072 quodcumque
843 1020 1055 1062 superesset
1085 1014 1200 1056 urbis,
1231 1014 1268 1049 id
1299 1013 1436 1062 pignus

108 1081 138 1105 15
151 1068 197 1104 ad
217 1067 424 1104 flectendos
445 1067 606 1103 hostium
627 1066 772 1103 animos
803 1066 1010 1102 haberent·
1002 1093 1012 1110 ,
1055 1078 1292 1113 nequaquam
1313 1066 1436 1114 perin-

150 1121 197 1156 de
217 1127 327 1168 atque
348 1119 385 1156 in
407 1119 518 1168 capta
540 1119 630 1155 urbe
651 1119 772 1167 prima
791 1118 852 1154 die
884 1125 948 1154 aut
976 1117 1115 1167 passim
1149 1125 1214 1154 aut
1232 1117 1304 1154 late
1326 1130 1436 1167 vaga-

151 1180 210 1209 tus
229 1179 285 1208 est
305 1172 414 1220 igniS.
485 1171 664 1216 Romani,
686 1183 733 1207 ex
753 1183 839 1207 arce
860 1171 1010 1219 plenam
1031 1170 1194 1207 hostium
1211 1169 1343 1206 urbem
1357 1183 1437 1206 cer-

151 1231 298 1267 nentes,
319 1236 506 1272 vagosque
535 1236 600 1272 per
633 1223 710 1259 vias
735 1236 868 1260 omnes
898 1235 1045 1268 cursus,
1075 1235 1190 1270 quum
1220 1222 1292 1258 alia
1325 1229 1436 1270 atque

152 1275 226 1312 alia
245 1282 348 1323 parte
381 1288 478 1312 nova
507 1275 631 1323 aliqua
661 1275 789 1311 clades
817 1275 989 1317 oriretur,
1010 1287 1086 1311 non
1106 1274 1296 1310 mentibus
1315 1275 1436 1310 solum

107 1329 140 1355 20
151 1328 361 1376 consipere,
382 1327 448 1363 sed
469 1340 516 1364 ne
537 1327 690 1363 auribus
708 1327 861 1375 quidem
882 1334 993 1374 atque
1012 1326 1133 1363 oculis
1152 1326 1242 1362 satis
1262 1333 1436 1362 constare

150 1386 334 1427 poterant.
406 1378 662 1427 Quocumque
700 1379 841 1416 clamor
870 1379 1046 1421 hostium,
1077 1377 1277 1414 mulierum
1306 1391 1438 1426 puero-

151 1443 307 1478 rumque
326 1431 504 1478 ploratus,
525 1432 670 1466 sonitus
690 1431 863 1472 flammae,
899 1438 936 1466 et
956 1430 1079 1478 fragor
1098 1430 1290 1466 ruentium
1319 1437 1437 1467 tecto-

149 1495 233 1518 rum
253 1482 459 1524 avertisset,
479 1488 659 1530 paventes
689 1482 735 1517 ad
768 1481 909 1524 omnia,
931 1481 1076 1518 animos
1094 1494 1232 1529 oraque
1253 1489 1290 1518 et
1309 1482 1438 1518 oculos

150 1533 365 1579 flectebant,
382 1534 485 1570 velut
503 1534 550 1569 ad
570 1533 829 1582 spectaculum
860 1546 882 1569 a
911 1532 1078 1569 Fortuna
1097 1533 1206 1581 positi
1226 1534 1438 1570 occidentis

106 1603 138 1628 25,
151 1586 293 1634 patriae,
314 1598 387 1622 nec
407 1586 520 1622 ullius
539 1598 665 1621 rerum
685 1598 838 1622 suarum
871 1585 1006 1628 relicti,
1040 1592 1287 1633 praeterquam
1309 1598 1439 1634 corpo-

152 1651 248 1681 rum,
279 1637 470 1682 vindices;
514 1636 619 1674 tanto
647 1644 733 1674 ante
764 1638 856 1674 alios
885 1637 1092 1674 miserandi
1121 1637 1254 1686 magis,
1275 1638 1339 1686 qui
1369 1651 1438 1674 un-

152 1702 261 1737 quam
291 1689 433 1726 obsessi
471 1696 571 1732 sunt,
601 1689 700 1737 quod
728 1689 923 1726 interclusi
954 1702 976 1725 a
1003 1689 1122 1738 patria
1151 1690 1436 1736 obsidebantur,

151 1741 278 1778 omnia
297 1754 365 1777 sua
384 1748 585 1777 cernentes
605 1741 642 1777 in
662 1742 825 1778 hostium
845 1748 1037 1789 potestate.
1098 1741 1183 1778 Nec
1203 1743 1439 1790 tranquillior

153 1806 226 1830 nox
246 1793 345 1829 diem
366 1800 442 1831 tarn
464 1792 562 1829 foede
580 1799 706 1830 actum
737 1794 907 1842 excepit:
950 1793 1015 1829 lux
1043 1793 1181 1829 deinde
1202 1801 1353 1830 noctem
1385 1795 1439 1830 in-

107 1845 314 1894 aoquietam
337 1845 509 1881 insecuta
527 1852 609 1881 est:
639 1857 711 1881 nec
732 1845 848 1881 ullum
878 1852 958 1882 erat
986 1852 1147 1893 tempuS,
1173 1846 1272 1893 quod
1292 1859 1313 1883 a
1334 1860 1438 1883 novae

152 1910 298 1945 semper
328 1897 446 1933 cladis
480 1897 640 1946 alicujus
675 1898 893 1945 spectaculo
926 1905 1103 1934 cessaret.
1160 1898 1267 1934 Nihil
1298 1906 1438 1944 tamen,

152 1957 205 1986 tot
223 1950 368 1986 onerati
388 1956 498 1998 atque
517 1949 641 1986 obruti
672 1949 790 1995 malis,
823 1949 1008 1986 flexerunt
1042 1950 1200 1993 animos,
1234 1951 1339 1999 quin,
1371 1952 1439 1987 etsi

151 2001 279 2038 omnia
298 2001 459 2038 flammis
479 2014 524 2038 ac
544 2001 662 2038 ruinis
693 2009 839 2050 aequata
871 2002 1064 2047 vidissent,
1098 2003 1268 2050 quamvis
1288 2003 1439 2052 inopem

152 2066 394 2102 parvumque,
428 2066 539 2103 quem
568 2054 762 2101 tenebant,
793 2054 940 2099 collem,
961 2054 1124 2091 libertati
1153 2055 1340 2101 relictum,
1373 2056 1442 2092 vir-

107 2113 231 2146 :35tute
251 2106 525 2150 defenderent3
554 2113 592 2142 et
607 2106 698 2155 jam,
719 2119 835 2154 quum
855 2107 988 2143 eadem
1019 2107 1185 2155 quotidie
1206 2108 1439 2151 acciderent,

155 2157 255 2194 velut
274 2158 411 2195 assueti
431 2158 552 2205 malis,
582 2159 886 2195 abalienaverant
914 2159 961 2195 ab
990 2172 1103 2195 sensu
1132 2172 1256 2196 rerum
1286 2173 1439 2197 suarum

155 2209 300 2246 animos
316 2223 324 2254 ;
354 2223 457 2247 arma
474 2209 622 2247 tantum
643 2211 856 2260 ferrumque
886 2211 924 2247 in
953 2211 1112 2255 dextris,
1139 2212 1241 2249 velut
1269 2213 1367 2249 solas
1386 2225 1441 2249 re-

155 2261 289 2309 liquias
308 2262 386 2311 spei
406 2275 496 2307 suae,
517 2263 719 2300 intuentes.

209 2365 359 2402 XLIII.
403 2366 501 2402 Galli
521 2379 679 2416 quoque,
708 2380 773 2417 per
803 2368 942 2417 aliquot
970 2369 1051 2405 dies
1072 2369 1110 2406 in
1129 2375 1232 2406 tecta
1251 2369 1362 2407 mode>
1381 2382 1438 2406 ur-

112 2418 214 2459 40bis
229 2418 480 2466 nequidquam
502 2418 598 2455 bello
617 2428 735 2468 gesto,
769 2434 884 2468 quum
918 2421 1015 2458 inter
1037 2421 1218 2458 incendia
1246 2436 1291 2459 ac
1312 2421 1439 2458 ruinas

155 2477 274 2519 captae
294 2471 396 2506 urbis
416 2469 507 2506 nihil
529 2483 736 2519 superesse,
756 2481 889 2521 practer
909 2481 1069 2510 armatos
1096 2475 1234 2517 hostes,
1257 2474 1440 2518 viderent,
