1617 2765
428 453 579 491 LIBRI
608 453 857 491 VICESIMI
887 452 1124 491 SECUNDI

587 597 681 629 CAP.
704 598 820 629 XLIII
832 616 874 622 -
886 597 976 629 LXI.

445 831 612 854 EPl'roME
629 832 736 853 LIBRI
753 832 925 854 VICESIMI
943 830 1118 853 SECUNDI.

173 909 347 941 nmmum„
360 916 408 941 pet·
419 909 562 935 continuas
575 909 683 943 vigilias
703 909 729 936 in
747 910 890 942 paludibus
908 908 988 935 oculo
1006 908 1114 940 amisso,
1133 907 1209 933 venit
1227 906 1254 932 in
1268 906 1405 932 Etruriam
1420 915 1428 939 ς

140 950 184 974 per
197 950 263 974 quas
275 942 386 974 paludes
399 942 542 975 quatriduo
555 946 584 968 et
596 943 681 968 tribus
694 943 816 968 noctibus
827 943 884 968 sine
897 943 954 968 ulla
966 942 1058 974 requie
1073 942 1123 966 iter
1136 941 1210 965 secit.
1230 940 1262 965 C.
1278 939 1426 965 Flaminius

139 975 242 1006 consul,
256 975 335 999 homo
347 975 518 1006 temerarius,
531 979 624 1001 contra
645 976 767 1007 auspicia
786 976 932 1007 mesonma,
952 974 1036 1007 signis
1059 973 1220 999 militaribus
1240 972 1357 1003 effossis,
1369 979 1428 1004 qum

139 1007 197 1032 tolli
211 1015 262 1032 non
275 1011 408 1039 poterant,
429 1012 456 1032 et
469 1007 502 1032 ab
514 1015 592 1040 equo,
611 1016 688 1040 quem
708 1009 909 1039 conscenderat,
931 1015 976 1039 per
994 1012 1076 1038 caput
1096 1006 1248 1037 devolutus,
1270 1004 1375 1029 insidiis
1394 1004 1427 1029 ab

140 1040 290 1064 Hannibale
302 1040 512 1071 circumventus,
525 1041 558 1065 ad
571 1040 760 1066 Trasimenum
772 1042 859 1066 lacum
873 1048 934 1066 cum
947 1039 1068 1065 exercitu
1081 1047 1164 1064 eaesus
1177 1042 1229 1063 est.
1265 1038 1319 1062 Sex
1331 1036 1427 1068 millia,

139 1081 196 1105 quae
207 1076 360 1104 eruperant,
374 1073 425 1097 fide
438 1073 472 1097 ab
486 1073 643 1098 Maharbale
657 1074 731 1106 datii,
753 1074 866 1106 perfidia
885 1072 1045 1098 Hannibalis
1067 1072 1159 1097 vincta
1177 1074 1250 1096 sunt.
1287 1070 1379 1096 Quum
1393 1069 1426 1094 ad

139 1105 263 1130 nuntium
276 1105 360 1130 cladis
374 1105 464 1129 Roma>
484 1105 574 1130 luctus
596 1110 676 1137 esset,
696 1107 754 1131 duoe
774 1110 882 1138 matres,
896 1113 929 1130 ex
949 1102 1083 1136 insfverato
1101 1104 1215 1135 receptis
1238 1103 1310 1134 filiis,
1328 1101 1427 1134 gaudio

140 1142 249 1162 mortuae
261 1142 333 1162 sunt.
368 1137 409 1162 Ob
422 1138 490 1162 lianc
503 1138 618 1170 cladem,
632 1147 666 1164 ex
679 1139 817 1171 Sibyllinis
831 1139 904 1163 libris
919 1146 966 1163 ver
979 1145 1084 1162 sacrum
1094 1142 1196 1161 votum.
1225 1136 1317 1161 Quum
1330 1135 1426 1160 deinde

140 1170 178 1196 Q.
193 1170 294 1194 Fabius
306 1170 442 1194 Maximus
454 1170 581 1201 dictator,
593 1172 724 1196 adversus
746 1171 926 1196 Hannibalem
946 1170 1053 1201 missus,
1075 1169 1160 1194 nollet
1180 1168 1238 1193 acie
1250 1175 1311 1192 cum
1323 1175 1355 1192 eo
1365 1175 1429 1192 con-

140 1203 242 1234 fligere,
255 1205 398 1231 ne,contra
407 1202 521 1227 ferocem
532 1206 572 1227 tot
581 1203 703 1228 victoriis
717 1204 832 1235 hostem,
842 1204 965 1228 territum
974 1202 1094 1227 adversis
1104 1201 1201 1233 proeliis
1210 1200 1324 1225 militem
1335 1206 1429 1231 pugnae

139 1235 329 1266 committeret,
341 1238 379 1266 et,
388 1235 544 1266 opponendo
555 1243 585 1260 se
595 1237 790 1268 tantummodo,
802 1241 913 1261 conatus
924 1235 1082 1260 Hannibalis
1093 1234 1232 1265 impediret
1243 1241 1250 1264 3
1264 1232 1301 1257 M.
1314 1231 1429 1257 Minuci-

140 1275 182 1298 us,
195 1267 323 1299 magister
333 1266 464 1299 equitum,
477 1267 551 1292 ferox
563 1271 591 1292 et
603 1269 768 1300 temerarius,
781 1268 947 1294 criminando
957 1267 1126 1298 dictatorern,
1139 1272 1274 1298 tamquam
1283 1272 1392 1297 segnem
1401 1268 1429 1289 ct

140 1300 277 1331 timidum,
289 1300 389 1331 effecit,
402 1303 433 1324 ut
445 1300 536 1331 populi
547 1300 624 1332 jussu
637 1306 787 1333 aequaretur
799 1302 825 1327 ei
838 1309 899 1326 cum
912 1301 1044 1325 dictatore
1056 1299 1216 1331 imperium;
1236 1297 1372 1330 divisoque
1383 1304 1430 1322 ex-

139 1332 237 1364 ercitu,
250 1340 331 1365 quum
344 1331 435 1364 iniquo
449 1333 508 1357 loeo
519 1333 696 1366 conflixisset,
709 1338 738 1359 et
751 1334 775 1359 in
789 1334 906 1359 maximo
915 1333 1067 1358 discrimine
1078 1332 1196 1365 legiones
1207 1331 1265 1363 ejus
1276 1334 1376 1361 essent,
1385 1337 1430 1354 su-

140 1365 312 1396 perveniente
326 1373 387 1390 cum
398 1365 519 1390 exercitu
532 1365 617 1391 Fabio
630 1367 761 1398 Maximo,
774 1366 926 1392 discrimino
945 1366 1072 1391 liberatus
1084 1369 1125 1390 est.
1136 1373 1143 1387 ι
1169 1372 1221 1397 quo
1234 1362 1363 1388 beneficio
1375 1361 1431 1387 vic-

140 1402 185 1422 tus
202 1401 292 1423 castra
309 1405 371 1422 cum
383 1405 416 1422 eo
431 1397 533 1430 junxit,
546 1402 574 1423 et
591 1403 692 1430 patrem
713 1407 775 1424 eum
794 1399 942 1430 salutavit,
969 1398 1093 1431 idemque
1115 1397 1204 1422 facere
1224 1395 1325 1421 milites
1334 1394 1428 1428 jussit.

142 1430 287 1461 Hannibal,
299 1431 406 1454 vastata
418 1431 580 1463 Campania,
593 1432 661 1456 inter
673 1432 823 1457 Casilinum
837 1431 965 1463 oppidum
977 1435 1003 1456 et
1014 1430 1175 1456 Calliculam
1188 1432 1304 1454 montem
1317 1436 1333 1453 a
1343 1427 1429 1452 Fabio

140 1463 257 1494 clausus,
270 1463 412 1487 sarmentis
425 1463 458 1488 ad
470 1471 570 1488 cornua
581 1464 660 1490 bofim
676 1465 795 1497 alligatis
807 1469 834 1490 et
848 1464 963 1489 incensis
981 1463 1131 1495 praesidium
1153 1462 1345 1492 Romanorum,
1377 1459 1429 1485 uod

141 1496 304 1520 Calliculam
318 1495 460 1527 insidebat,
481 1495 601 1527 fugavit:
627 1502 654 1522 et
666 1497 706 1522 sic
726 1502 908 1529 transgressus
928 1501 970 1521 est
992 1496 1103 1521 saltum.
1149 1495 1274 1525 Idemque
1291 1493 1329 1519 Q.
1373 1491 1429 1517 abii

141 1528 255 1552 Maximi
267 1527 419 1559 dictatoris,
437 1535 518 1560 quum
531 1528 721 1561 circumposita
733 1534 832 1561 ureret,
846 1537 908 1561 agro
920 1528 1050 1560 pepercit,
1060 1527 1185 1557 utillum,
1195 1530 1331 1558 tamquam
1341 1524 1430 1556 prodi-

141 1569 237 1597 torem,
250 1569 402 1596 suspectum
415 1565 526 1591 fuceret·
575 1573 689 1594 XLV11.
712 1564 845 1593 AEmilio
862 1563 976 1592 deinde
1001 1562 1101 1591 Paulo
1126 1566 1157 1590 et
1174 1560 1324 1590 Terentio
1352 1558 1427 1588 Var-

143 1612 219 1632 rone
236 1603 419 1634 consulibus
435 1608 468 1634 et
488 1605 633 1641 ducibus,
650 1615 723 1636 cum
741 1601 881 1635 maxima
897 1604 986 1633 clade
999 1604 1148 1633 adversus
1166 1600 1379 1631 Hannibalern
1390 1600 1430 1629 ad

142 1644 268 1674 Cannas
285 1652 458 1685 pugnatum
475 1650 542 1677 est:
588 1656 683 1677 xmx.
717 1646 872 1685 Caesaque
897 1655 935 1675 eo
959 1645 1068 1684 proelio
1097 1643 1313 1674 Romanorum
1331 1641 1429 1675 Quad-

143 1686 262 1725 raginta
278 1687 418 1725 quinque
435 1687 541 1723 millia,
558 1698 632 1718 cum
649 1689 748 1719 Paulo
765 1687 896 1718 consule
913 1691 945 1717 et
958 1686 1154 1716 senatoribus
1163 1684 1335 1724 octoginta,
1352 1692 1428 1712 con-

143 1727 296 1757 sularibus
312 1732 406 1766 atque
423 1730 573 1767 praetoriis
589 1735 643 1760 aut
658 1730 801 1761 aediliciis
818 1729 954 1770 triginta.
998 1737 1081 1758 L111.
1104 1727 1183 1757 Post
1196 1735 1288 1765 quam
1306 1725 1430 1755 cladem

143 1778 239 1808 quum
257 1778 275 1798 a
299 1770 456 1799 nobilibus
473 1771 741 1808 adolescentibus,
767 1775 893 1811 propter
915 1770 1181 1808 desperationem,
1206 1767 1373 1797 consilium
1389 1766 1429 1796 de

141 1807 350 1849 relinquenda
374 1808 466 1841 ltalia
488 1812 627 1849 iniretur,
651 1814 688 1843 P.
707 1814 873 1844 Cornelius
901 1812 1020 1850 Scipio,
1048 1811 1189 1841 tribunus
1206 1809 1352 1843 militum,
1376 1807 1429 1846 qui

141 1855 253 1889 postea
267 1851 433 1882 Africanus
450 1861 652 1893 nuncupatus
668 1860 728 1891 est,
745 1856 852 1886 stricto
866 1863 959 1892 super
972 1853 1074 1891 capita
1085 1850 1323 1882 deliberantium
1337 1848 1429 1884 ferro,

137 1892 266 1932 juravit,
281 1902 316 1922 se
332 1903 388 1932 pro
403 1894 496 1924 hoste
522 1895 701 1926 habiturum
718 1906 804 1932 eum,
822 1896 874 1934 qui
891 1896 922 1924 in
939 1894 1034 1924 verba
1049 1903 1105 1923 sua
1121 1901 1184 1922 non
1196 1887 1336 1931 jurasset
1351 1900 1358 1927 ;
1382 1888 1428 1920 ef-

141 1933 293 1973 fecitque,
309 1939 343 1964 ut
360 1944 472 1964 omnes
488 1935 619 1966 minime
637 1938 780 1968 relictum
802 1938 835 1967 iri
852 1947 869 1966 a
885 1945 919 1965 se
934 1935 1055 1965 Italiam
1077 1933 1280 1974 jurejurando
1297 1932 1429 1962 adstrin-

141 1980 299 2016 gerentur.
346 1976 503 2007 Praeterea
529 1979 769 2018 trepidationem
793 1979 886 2009 Urbis
913 1981 945 2006 et
971 1977 1104 2009 luctum,
1127 1982 1155 2003 et
1179 1986 1219 2003 res
1247 1977 1273 2003 in
1296 1977 1430 2009 Hispania

141 2020 250 2046 meliore
267 2025 368 2047 eventu
385 2025 490 2055 gestus,
512 2020 666 2050 continet.
732 2029 823 2050 Lvn.
862 2018 987 2057 Opimia
1023 2021 1056 2047 et
1086 2017 1245 2052 Floronia,
1284 2016 1429 2046 Vestales

142 2062 292 2101 virgines,
308 2063 422 2093 incesti
446 2063 600 2093 damnatae
617 2065 702 2092 sunt.
747 2062 879 2100 Propter
894 2059 1085 2099 paucitatem
1104 2055 1178 2088 vero
1201 2059 1348 2093 militum,
1364 2067 1428 2088 581·-

142 2112 255 2133 vorum
271 2109 345 2135 octo
361 2105 456 2135 millia
472 2107 587 2134 armata
604 2108 686 2134 sunt.
731 2113 787 2134 Lx.
811 2112 883 2133 Lxr.
910 2100 1047 2139 Captivi,
1070 2109 1166 2139 quum
1188 2104 1328 2139 potestas
1344 2102 1431 2130 esset

143 2145 329 2181 redimendi,
341 2146 498 2185 redempti
514 2154 578 2175 non
594 2149 678 2175 sunt.
723 2145 851 2175 Varroni
868 2138 995 2174 obviam
1012 2142 1091 2172 itum
1119 2146 1179 2178 est,
1198 2146 1231 2172 et
1246 2141 1351 2181 gratiae
1376 2150 1430 2171 ac·

143 2189 197 2221 tae,
220 2183 304 2252 (ἐ-ἰιῚὸά
321 2189 371 2253 {lle
391 2183 554 2227 republica
576 2196 641 2218 non
663 2183 873 2226 desperasset.
930 2188 1146 2222 [cn.1-1.xr.
1193 2194 1222 2213 u.
1236 2185 1431 2212 c.535—586.

143 2234 172 2252 A.
182 2233 211 2252 c·
282 2239 315 2246 —
355 2233 381 2253 0·

652 2315 919 2322 ——--—

197 2410 349 2449 XLIII.
405 2439 575 2450 .....
620 2412 837 2465 [Consules]
870 2413 917 2450 ad
950 2414 1204 2451 nobilitandas
1223 2412 1331 2450 clade
1351 2411 1431 2449 Ro-

145 2464 259 2501 mana
279 2463 445 2510 Cannas,
467 2473 625 2516 urgente
646 2466 733 2510 fato,
763 2466 920 2515 profecti
954 2474 1050 2504 sunt.
1109 2467 1229 2515 Prope
1259 2476 1344 2501 eum
1378 2463 1430 2501 vi·
