1617 2765
603 159 740 191 LIBER
764 159 789 189 Ι.
817 167 897 190 cAP.
916 169 970 190 ιν.
1387 162 1436 199 51

159 264 320 296 conatus
348 256 511 302 videbat,
541 261 620 291 tum
650 267 671 291 e
701 254 778 290 suis
805 267 924 290 unum
945 253 1179 290 sciscitatum
1202 254 1369 291 Romam
1392 256 1438 292 ad

158 318 301 369 patrem
322 309 446 350 mittit,
467 307 647 356 quidnam
667 320 707 343 se
739 307 863 343 facere
893 307 1030 343 vellet?
1060 305 1378 354 quandoquidem,
1399 315 1440 344 ut

157 363 285 399 omnia
305 373 402 398 unus
421 360 554 397 Gabiis
574 366 710 407 posset,
742 359 776 395 ei
808 359 872 395 Dii
903 359 1111 395 dedissent.
1169 358 1273 394 Huic
1294 360 1437 405 nuntio,

158 415 244 462 quia
282 413 434 463 (credo)
473 412 599 448 dubiae
620 411 707 447 fidei
729 412 938 458 videbatur,
973 411 1066 447 nihil
1097 423 1188 447 voce
1217 423 1438 459 responsum

129 473 236 503 sest:
283 478 360 509 rex,
383 465 483 501 velut
513 464 847 507 deliberabundus,
880 464 917 500 in
950 464 1098 500 hortum
1132 463 1270 499 andium
1292 464 1438 509 transit,

157 527 337 566 sequente
363 517 496 554 nuntio
527 517 615 552 filii:
658 516 722 562 ibi,
754 516 994 552 inambulans
1024 515 1174 557 tacitus,
1205 528 1352 551 summa
1380 528 1441 564 pa-

156 583 333 619 paverum
372 569 497 618 capita
524 569 663 605 dicitur
703 569 838 605 baculo
866 568 1091 619 decussisse.
1166 567 1441 616 Interrogando

156 622 485 671 exspectandoque
505 634 725 669 responsum
748 621 904 657 nuntius
925 621 1058 667 fessus,
1079 627 1119 656 ut
1138 633 1178 656 re
1208 620 1440 668 imperfect-i,

156 675 253 711 redit
268 675 431 718 Gabios;
461 686 544 722 quae
573 674 709 710 dixerit
738 674 829 722 ipse,
860 686 1018 722 quaeque
1040 673 1185 717 viderit,
1206 673 1344 709 refert:
1375 685 1441 709 seu

116 727 223 770 wira,
245 740 312 763 seu
332 727 431 769 odio,
452 739 517 762 seu
550 726 724 775 superbi&
756 726 865 762 insita
896 725 1064 774 ingenio,
1096 725 1239 761 nullam
1272 737 1360 761 eum
1382 738 1443 762 vo-

157 792 240 815 cem
271 779 451 815 emisisse.
523 779 638 814 Sexto
659 778 736 824 ubi,
766 778 855 826 quid
887 778 997 814 vellet
1025 791 1174 826 parens,
1195 777 1330 825 quidve
1350 790 1442 826 prae-

157 831 301 880 ciperet
321 831 445 868 tacitis
466 831 701 879 ambagibus,
724 830 864 879 patuit;
905 831 1086 879 primores
1117 830 1291 873 civitatis,
1317 830 1442 866 crimi-

157 884 284 920 nando
303 884 396 920 alios
416 883 515 931 apud
535 883 727 930 populum,
759 883 851 918 alios
871 883 940 918 sua
971 882 1069 930 ipsos
1101 882 1243 918 invidia
1268 889 1442 930 opportu-

157 948 237 978 nOS‚
257 935 473 972 interemit:
503 935 610 970 multi
632 934 778 983 palam;
808 935 974 982 quidam,
997 935 1034 970 in
1054 934 1191 982 quibus
1212 934 1341 970 minus
1362 947 1443 982 spe-

113 1003 144 1027 15
157 988 259 1024 ciosa
279 987 492 1023 criminatio
512 993 591 1022 erat
611 986 746 1031 futura,
768 986 865 1022 clam
887 986 1090 1022 interfecti.
1149 985 1274 1022 Patuit
1292 986 1443 1033 quibus-

156 1040 243 1076 dam
263 1040 474 1076 volentibus
495 1039 595 1087 suga,
618 1046 682 1075 aut
711 1039 749 1074 in
778 1039 951 1074 exsilium
983 1038 1055 1074 acti
1091 1044 1191 1083 sunt,
1213 1038 1443 1073 absentium-

156 1105 227 1141 que
261 1092 358 1128 bona
384 1091 492 1141 juxta
521 1099 631 1139 atque
662 1091 971 1138 interemptorum
1002 1090 1139 1126 divisui
1177 1089 1294 1126 fuere.
1351 1089 1442 1126 Lar-

157 1144 311 1193 gitionis
348 1145 436 1180 inde
483 1143 693 1192 praedaeque
732 1150 770 1179 et
809 1143 1013 1179 dulcedine
1054 1142 1188 1191 privati
1236 1142 1440 1188 commodi,

158 1209 291 1233 sensus
328 1196 510 1232 malorum
542 1196 777 1244 publicorum
810 1196 949 1240 adimi3
996 1195 1131 1241 donec,
1164 1194 1256 1231 orba
1284 1194 1442 1230 consilio

112 1264 145 1288 20
158 1249 381 1297 auxilioque,
413 1248 563 1284 Gabina
592 1261 651 1285 res
681 1248 758 1297 regi
781 1248 958 1285 Romano
986 1247 1068 1284 sine
1095 1247 1170 1283 ulla
1197 1246 1441 1283 dimicatione

157 1301 195 1338 in
216 1314 373 1338 manum
394 1301 563 1338 traditur.

210 1406 292 1444 LV.
340 1406 472 1443 Gabiis
502 1406 676 1454 receptis,
697 1406 932 1454 Tarquinius
950 1418 1084 1455 pacem
1113 1418 1202 1442 cum
1232 1405 1442 1453 AEquorum

156 1465 270 1507 gente
300 1459 414 1503 fecit3
462 1458 584 1494 foedus
613 1471 701 1494 curn
732 1458 874 1494 Tuscis
902 1458 1104 1494 renovavit.
1168 1458 1264 1493 Inde
1302 1457 1348 1493 ad
1378 1469 1444 1493 ne-

157 1511 258 1559 gotia
288 1511 433 1547 urbana
452 1510 620 1546 animum
651 1510 861 1546 convertit:
909 1523 1065 1558 quorum
1087 1518 1167 1546 erat
1194 1509 1372 1558 primum,
1403 1517 1444 1545 ut

112 1562 262 1603 25J0vis
281 1562 461 1611 templum
493 1563 531 1599 in
562 1569 688 1599 monte
719 1562 899 1611 Tarpejo⁷
929 1569 1217 1599 monumentum
1248 1561 1355 1610 regni
1385 1562 1443 1597 sui

158 1614 409 1663 nominisque,
430 1615 680 1662 relinqueret:
738 1614 970 1663 Tarquinios
1000 1627 1109 1663 reges
1133 1614 1276 1657 ambos,
1296 1621 1444 1662 patrem

158 1667 314 1714 vovisse,
335 1667 453 1703 filium
473 1667 686 1715 perfecisse.
745 1666 807 1713 Et,
829 1674 869 1703 ut
888 1667 1007 1702 libera
1033 1679 1054 1702 a
1087 1667 1235 1702 caeteris
1255 1666 1445 1714 religioni-

159 1719 228 1756 bus
248 1732 336 1755 area
355 1726 454 1755 esset
473 1726 550 1755 tota
583 1719 687 1756 Jovis
716 1719 920 1768 templique
951 1719 1046 1767 ejus,
1076 1719 1175 1766 quod
1197 1718 1445 1754 inaedificare-

158 1779 230 1818 tur,
251 1784 485 1820 exaugurare
517 1771 603 1807 fana
631 1772 844 1830 sacellaque
875 1772 1024 1815 statuit3
1067 1783 1150 1818 quae
1182 1770 1322 1817 aliquot
1351 1770 1402 1806 ibi
1423 1782 1445 1806 a

113 1840 145 1864 30
159 1823 273 1861 Tatio
293 1837 394 1873 rege,
415 1824 611 1872 primum
605 1837 642 1860 m
677 1824 759 1882 ipso
788 1824 1007 1860 discrimine
1028 1824 1206 1859 adversus
1234 1821 1444 1859 Romulum

157 1889 294 1926 pugnae
315 1884 411 1922 vota,
441 1883 666 1912 consecrata
696 1876 992 1935 inaugurataque
1016 1883 1145 1933 postea
1165 1875 1324 1911 fuerant.
1382 1873 1445 1910 In-

158 1936 214 1965 ter
234 1929 420 1978 principia
439 1929 629 1964 condendi
661 1928 772 1977 hujus
801 1930 938 1977 operis5
968 1928 1127 1965 movisse
1147 1940 1289 1963 numen
1323 1927 1399 1963 ad'
1392 1939 1446 1962 in-

158 1981 361 2017 dicandam
382 1981 475 2017 tanti
497 1981 643 2029 imperii
673 1981 808 2017 molem
839 1981 997 2017 traditur
1031 1980 1154 2016 Deos.
1194 1992 1296 2023 nam,
1328 1991 1445 2028 quum

158 2034 326 2070 omnium
365 2033 587 2074 sacellorum
626 2033 943 2082 exaugurationes
983 2033 1225 2069 admitterent
1267 2045 1366 2075 aves,
1406 2032 1444 2068 in

115 2086 332 2126 :³5Termini
355 2086 440 2122 fano
453 2098 528 2122 non
542 2086 735 2123 addixere.
769 2086 812 2122 Id
825 2098 937 2122 omen
955 2086 1228 2134 auguriumque
1250 2084 1300 2121 ita
1313 2097 1447 2132 accep-

160 2144 239 2174 tum
259 2145 338 2183 est;
379 2151 453 2174 non
476 2145 614 2174 motam
636 2138 811 2175 Termini
845 2138 988 2180 sedem,
1021 2150 1214 2185 unumque
1237 2150 1324 2173 eum
1346 2137 1446 2173 Deo-

161 2202 243 2226 rum
272 2203 346 2227 non
375 2198 572 2226 evocatum
611 2191 767 2227 sacratis
805 2191 876 2227 sibi
906 2190 1057 2233 finibus⁷
1089 2190 1195 2226 firma
1225 2189 1446 2237 stabiliaque

162 2249 301 2278 cuncta
319 2243 554 2290 portendere.
612 2243 699 2279 Iloc
719 2243 980 2302 perpetuitatis
1004 2243 1172 2290 auspicio
1198 2249 1369 2290 accepto,
1391 2253 1447 2277 se-

162 2300 292 2330 cutum
313 2294 427 2337 aliud,
448 2295 749 2343 magnitudinem
781 2295 927 2344 imperii
960 2296 1203 2344 portendens,
1234 2294 1446 2343 prodigium

118 2362 150 2386 40
163 2353 229 2382 est.
304 2345 428 2393 Caput
465 2347 685 2391 humanum,
724 2348 871 2406 integra
900 2347 1009 2391 facie,
1032 2347 1286 2396 aperientibus
1316 2347 1448 2383 funda-

163 2405 290 2434 menta
319 2397 446 2446 templi
477 2399 612 2436 dicitur
643 2401 883 2459 apparuisse:
930 2413 1013 2448 qure
1043 2401 1121 2436 visa
1149 2400 1307 2448 specie5‚
1347 2397 1446 2434 haud

162 2463 228 2499 per
248 2450 438 2499 ambage&
461 2462 586 2487 arcem
606 2464 688 2488 eam
724 2453 868 2501 imperii
901 2460 1087 2501 caputque
1108 2465 1233 2489 rerum
1264 2452 1339 2487 sore
1368 2462 1449 2498 por-
