1638 2765
204 219 257 256 28
736 217 826 248 T1T1
850 218 960 249 1⁴1V11

206 312 275 349 tiat
305 312 395 361 regi,
427 313 529 349 abire
560 313 742 349 Albanos.
799 312 936 349 Tullus
966 313 1004 349 in
1035 326 1073 350 re
1104 314 1246 362 trepida
1279 314 1480 351 duodecim

207 364 306 401 vovit
325 365 459 411 Salios,
481 365 640 412 sanaque
670 365 805 401 Pallori
837 377 881 401 ac
909 365 1062 402 Pavori:
1109 367 1285 414 equitem,
1306 367 1407 403 clara
1428 367 1482 403 in-

207 428 367 465 crepans
386 429 490 459 voce,
513 424 553 453 ut
573 417 696 453 hostes
716 417 950 463 exaudirent,
970 417 1091 454 redire
1106 418 1142 454 in
1163 418 1333 467 proelium
1350 419 1480 467 jubet3

207 470 230 490 “
249 468 354 505 Nihil
376 469 622 516 trepidatione
642 481 735 516 opus
754 481 859 504 esse:
899 481 968 505 suo
985 469 1091 518 jussu
1111 470 1346 506 circumduci
1370 470 1482 506 Alba-

207 522 337 556 “num
375 521 597 563 exercitum,
637 528 676 556 ut
706 520 947 557 Fidenatium
985 522 1087 557 nuda
1123 530 1227 570 terga
1263 521 1480 558 invadant.'’
1511 533 1526 556 5

207 572 315 608 Idem
335 572 505 620 imperat,
528 579 568 608 ut
588 573 712 608 hastas
745 573 888 621 equites
917 573 1061 622 erigere
1078 573 1218 622 jubeat.
1275 573 1319 610 Id
1341 573 1481 610 sactum

209 637 359 672 magnae
398 624 491 672 parti
528 624 697 672 peditum
736 625 995 661 Romanorum
1027 633 1272 674 conspectum
1309 626 1482 662 abeuntis

209 676 348 712 Albani
369 676 557 712 exercitus
578 677 811 725 intersepsit:
841 677 903 724 qui
925 677 1104 720 viderant,
1135 677 1185 720 id,
1209 678 1307 725 quod
1327 678 1374 713 ab
1395 690 1482 726 rege

207 728 376 764 auditum
407 737 497 771 erat,
529 729 611 775 rati,
642 729 686 764 eo
716 728 838 764 acrius
866 737 1047 776 pugnant.
1113 728 1253 765 Terror
1282 730 1328 765 ad
1359 730 1483 766 hostes

207 780 359 816 transit:
403 787 440 816 et
460 780 680 816 audiverant
699 780 801 816 clara
832 792 921 815 voce
951 780 1116 824 dictum;
1163 788 1200 817 et
1233 793 1370 829 magna
1399 794 1482 829 pars
1499 791 1527 815 10

208 831 462 878 Fidenatium,
500 840 541 868 ut
572 832 634 879 qui
665 831 788 868 coloni
819 831 933 867 additi
965 831 1151 868 Romanis
1179 840 1318 875 essent,
1349 832 1482 869 Latine

207 883 389 919 sciebant.
446 884 590 931 Itaque,
613 897 660 920 ne
680 884 803 920 subito
822 896 869 919 ex
888 883 1046 920 collibus
1065 884 1228 920 decursu
1248 884 1482 921 Albanorum

207 935 548 972 intercluderentur
572 936 618 972 ab
649 936 798 984 oppido,
830 942 934 984 terga
963 943 1123 972 vertunt.
1180 936 1301 972 Instat
1331 936 1481 983 Tullus,

208 987 364 1035 fusoque
385 987 623 1024 Fidenatium
646 1001 776 1033 cornu,
797 987 834 1023 in
859 987 1072 1035 Vejentem‚
1107 988 1229 1024 alieno
1248 1000 1382 1036 patore
1403 1001 1484 1036 per-

207 1039 368 1082 cubum,
390 1039 547 1076 ferocior
569 1040 676 1076 redit.
734 1040 818 1076 Nec
850 1039 902 1075 illi
933 1039 1054 1076 tulere
1085 1039 1292 1088 impetum3
1340 1041 1404 1076 sed
1436 1040 1482 1076 ab
1499 1050 1527 1074 10

207 1091 323 1127 effusa
355 1091 442 1140 fuga
474 1091 614 1127 flumen
647 1091 837 1140 objectum
871 1104 892 1127 a
924 1098 1028 1140 tergo
1054 1092 1217 1128 arcebat.
1272 1091 1364 1131 Quo
1385 1101 1485 1140 post-

206 1156 319 1191 quam
339 1143 427 1192 fuga
447 1143 654 1189 inclinavit,
685 1144 759 1188 alii,
794 1156 897 1179 arma
927 1143 1022 1179 foede
1049 1144 1248 1193 jactantes,
1279 1144 1317 1180 in
1349 1157 1483 1192 aquam

207 1195 300 1232 caeci
333 1195 517 1239 ruebant3
565 1195 640 1238 alii,
675 1195 763 1231 dum
795 1202 1022 1231 cunctantur
1055 1196 1093 1232 in
1126 1196 1228 1244 ripis,
1259 1196 1355 1232 inter
1386 1196 1483 1244 sugae

206 1259 419 1296 pugnaeque
456 1247 657 1284 consilium
693 1247 871 1296 oppressi.
945 1247 1034 1284 Non
1071 1247 1145 1284 alia
1185 1248 1270 1284 ante
1309 1247 1484 1284 Romana

207 1312 335 1348 pugna
355 1300 513 1336 atrocior
534 1299 613 1336 fuit.
1496 1308 1529 1333 20

260 1404 455 1444 XXVIII.
486 1404 589 1444 Tum
614 1405 783 1445 Albanus
803 1404 1004 1454 exercitus,
1038 1413 1224 1457 spectator
1254 1404 1483 1451 certaminis,

208 1459 393 1496 deductus
414 1460 451 1496 in
471 1473 635 1508 campos.
693 1460 835 1497 Mettus
864 1460 980 1497 Tullo
1012 1461 1178 1497 devictos
1207 1461 1332 1497 hostes
1361 1467 1485 1508 gratu-

208 1510 326 1548 latur:
372 1513 503 1548 contra
533 1512 671 1548 Tullus
701 1511 863 1548 Mettum
901 1512 1064 1561 benigne
1103 1512 1311 1560 alloquitur.
1366 1511 1483 1550 Quod

211 1563 306 1599 bene
326 1571 456 1610 vertat,
477 1572 600 1600 castra
620 1564 788 1600 Albanos
808 1563 995 1600 Romanis
1017 1564 1149 1600 castris
1178 1564 1337 1613 jungere
1354 1563 1483 1612 jubet:

209 1615 437 1652 sacrificium
467 1615 617 1652 lustrale
647 1616 685 1652 in
722 1615 823 1652 diem
853 1623 1040 1664 posterum
1074 1623 1190 1664 parat.
1246 1615 1320 1652 Ubi
1351 1615 1530 1658 illuxit‚25

208 1668 345 1715 paratis
364 1667 552 1714 omnibus,
573 1675 613 1704 ut
639 1667 786 1710 assolet,
821 1669 944 1704 vocari
975 1668 1021 1704 ad
1041 1668 1266 1704 concionem
1287 1674 1485 1715 utrumque

208 1720 416 1756 exercitum
443 1720 561 1769 jubet.
618 1720 832 1766 Praecones,
865 1720 911 1755 ab
941 1727 1109 1756 extremo
1134 1720 1224 1766 orsi,
1254 1719 1393 1768 primos
1423 1732 1486 1756 ex-

208 1769 331 1808 civere
352 1772 542 1808 Albanos:
572 1772 623 1818 hi,
643 1771 806 1808 novitate
840 1771 953 1808 etiam
983 1772 1036 1808 rei
1066 1772 1169 1818 moti,
1199 1779 1240 1808 ut
1260 1784 1386 1820 regem
1405 1771 1486 1808 Ro-

214 1835 365 1860 manum
397 1824 687 1860 concionantem
719 1824 905 1869 audirent,
942 1824 1103 1873 proximi
1140 1824 1357 1861 constitere.
1428 1823 1485 1858 Ex

209 1876 415 1923 composito
428 1883 568 1912 armata
588 1875 844 1912 circumdatur
860 1876 1172 1938 Romanalegio:
1202 1875 1486 1912 centurionibus
1499 1883 1530 1908 3ο

210 1926 338 1964 datum
359 1928 551 1975 negotium
571 1935 662 1970 erat,
685 1935 725 1963 ut
745 1927 826 1963 sine
857 1940 958 1964 mora
991 1927 1147 1976 imperia
1177 1934 1484 1975 exsequerentur.

210 1977 313 2016 Tum
334 1979 385 2016 ita
403 1979 541 2016 Tullus
562 1979 662 2016 infit:
719 1981 742 2001 “
761 1979 940 2026 Romani,
961 1979 992 2015 si
1013 1992 1174 2028 unquam
1196 1979 1280 2015 ante
1302 1979 1392 2015 aliis
1412 1979 1486 2015 ullo

208 2031 232 2051 “
252 2032 287 2068 in
309 2032 406 2068 bello
427 2031 505 2076 fuit,
526 2031 622 2080 quod
644 2032 806 2080 primiim
836 2031 920 2068 Diis
950 2031 1221 2068 immortalibus
1243 2031 1382 2080 gratias
1402 2043 1487 2079 agc-

209 2084 233 2104 “
251 2084 349 2129 retis,
381 2084 518 2120 deinde
550 2091 680 2120 vestroe
711 2084 875 2133 ipsorum
905 2083 1043 2127 virtuti,
1076 2084 1292 2120 hesternum
1323 2083 1360 2119 id
1390 2095 1487 2131 proe-

209 2137 232 2156 “
250 2136 341 2172 lium
362 2136 442 2172 fuit.
499 2135 732 2172 Dimicatum
753 2142 809 2172 est
828 2135 943 2180 enim,
976 2148 1051 2173 non
1072 2136 1192 2185 magis
1211 2148 1297 2172 cum
1319 2135 1486 2171 hostibus
1500 2142 1532 2167 35

209 2189 364 2236 “quam
387 2188 488 2237 (quae
519 2188 713 2225 dimicatio
746 2187 862 2236 major
892 2195 1001 2236 atque
1035 2187 1277 2236 periculosior
1297 2188 1370 2238 est)
1399 2199 1487 2223 cum

209 2242 233 2261 “
249 2240 458 2288 proditione
479 2253 523 2276 ac
543 2240 698 2289 perfidia
719 2240 917 2276 sociorum.
965 2239 1078 2284 Nam,
1100 2252 1147 2276 ne
1168 2252 1232 2276 vos
1251 2239 1343 2275 falsa
1361 2239 1488 2288 opinio

208 2295 232 2314 “
250 2299 390 2334 teneat,
411 2292 554 2340 injussu
576 2305 659 2328 meo
693 2292 832 2328 Albani
865 2291 1012 2327 subiere
1042 2292 1090 2328 ad
1111 2299 1282 2328 montes:
1328 2303 1401 2328 nec
1422 2291 1489 2327 im-

209 2344 396 2393 “perium
427 2344 518 2380 illud
553 2356 691 2386 meum,
723 2343 788 2379 sed
822 2343 1022 2380 consilium
1054 2350 1091 2380 et
1122 2344 1268 2393 imperii
1301 2342 1489 2380 simulatio

209 2399 233 2420 “
251 2397 346 2440 fuit3
378 2403 417 2432 ut
436 2408 522 2442 nec,
542 2395 646 2432 vobis
666 2395 926 2444 ignorantibus
955 2396 1076 2432 deseri
1110 2409 1186 2439 vos,
1220 2402 1448 2433 averteretur
1467 2406 1489 2430 a
1502 2400 1534 2425 40

209 2452 233 2472 “
251 2448 457 2486 certamine
488 2447 660 2491 animus3
707 2455 744 2483 et
772 2447 953 2490 hostibus,
989 2448 1253 2484 circumveniri
1283 2460 1323 2484 se
1344 2459 1366 2483 a
1383 2454 1489 2495 tergo

209 2503 232 2520 “
251 2501 353 2547 ratis,
383 2507 500 2537 terror
534 2512 577 2536 ac
613 2499 700 2549 fuga
735 2499 964 2548 injiceretur.
1036 2500 1122 2537 Nec
1152 2513 1197 2537 ea
1226 2500 1349 2549 culpa,
1379 2511 1488 2548 quam
