1617 2765
581 197 721 229 LIBER
745 197 806 228 111.
832 206 909 229 CAP.
926 207 1057 229 xmuu.
1397 201 1448 239 93

164 298 189 320 ‘⁶
205 294 266 332 die
286 295 322 332 in
344 294 425 332 acie
445 300 564 331 stare:
593 305 666 330 nec
687 292 801 329 alium
821 292 942 328 virum
975 304 1071 338 esse,
1102 292 1211 341 cujus
1230 294 1379 331 strenue
1401 305 1446 332 ac

164 350 189 371 ‘⁶
205 347 377 384 ferociter
393 347 492 383 facta
511 346 549 382 in
571 345 668 382 bello
687 345 794 393 plura
814 344 1011 380 memorari
1025 351 1189 392 possent.
1245 345 1352 384 Quid
1365 360 1446 395 pro-

163 402 188 422 “
204 399 325 445 desse,
355 399 400 445 si,
437 398 619 435 incolumi
639 397 755 443 Urbe,
792 409 888 444 quae,
927 397 1047 444 capta,
1078 396 1209 432 ultima
1228 397 1443 443 timeantur,

162 453 186 473 “
203 450 330 486 liberis
351 450 428 487 suis
448 450 523 486 sint
541 450 746 499 patienda?
764 448 786 465 ’⁹
844 449 941 484 Haec
971 449 1084 496 propo
1105 449 1446 487 concionabundus

131 502 386 541 ⁵cireumibat
422 502 605 539 homines.
680 500 828 537 Similia
867 501 924 536 his
955 501 1001 536 ab
1039 501 1149 537 Icilio
1182 501 1445 550 jactabantur:

160 554 361 590 comitatus
381 555 574 591 muliebris
599 553 680 603 plus
699 553 814 589 tacito
848 552 951 596 fletu,
981 551 1094 600 quam
1126 553 1201 589 ulla
1220 566 1302 596 vox,
1324 567 1447 591 move-

159 605 234 642 bat.
291 607 487 643 Adversus
505 619 587 655 quae
616 606 744 643 omnia
779 605 967 641 obstinato
996 605 1123 641 animo
1155 606 1302 654 Appius
1325 606 1447 654 (tanta

158 658 213 694 vis
233 659 408 695 amentiae
439 659 579 706 verifis,
609 659 722 707 quam
756 657 904 700 amoris,
940 664 1106 693 mentem
1136 658 1367 709 turbaverat)
1407 659 1445 695 in

157 710 321 747 tribunal
342 712 539 748 escendit:
587 718 637 754 et,
660 711 756 746 ultro
781 716 962 758 querente
995 722 1117 758 pauca
1146 710 1317 758 petitore,
1347 710 1445 758 qufid

116 761 216 811 lojus
236 763 306 799 sibi
323 763 442 811 pridie
461 776 526 812 per
546 763 792 800 ambitionem
825 762 968 798 dictum
999 775 1075 798 non
1096 769 1207 805 esset,
1228 763 1445 811 priusquam

159 821 223 850 aut
244 815 305 851 ille
326 816 550 863 postulatum
581 822 790 864 perageret,
820 821 884 850 aut
914 814 1088 863 Virginio
1108 816 1361 863 respondendi
1382 816 1446 852 da-

157 874 261 903 retur
290 867 408 914 locus,
441 868 588 916 Appius
621 868 828 904 interfatur.
885 865 1015 905 Quem
1050 867 1203 917 decreto
1232 880 1445 904 sermonem

157 920 410 966 praetenderit,
432 920 553 956 forsan
577 920 737 967 aliquem
772 931 900 954 verum
921 926 1092 955 auctores
1112 919 1255 966 antiqui
1284 920 1446 956 tradide-

157 969 253 1006 rint:
283 971 370 1018 quia
390 984 574 1019 nusquam
596 971 712 1007 ullum
734 971 771 1006 in
792 972 894 1006 tanta
917 970 1083 1006 foeditate
1100 971 1242 1006 decreti
1264 972 1446 1008 verisimi-

114 1036 145 1061 15
156 1021 230 1058 lem
251 1022 425 1067 invenio,·
455 1023 506 1066 id,
526 1024 624 1071 quod
646 1029 807 1065 constat,
821 1022 967 1058 nudum
981 1022 1128 1058 videtur
1140 1023 1441 1070 proponendum,

156 1073 331 1111 decresse
370 1075 553 1112 vindicias
590 1076 802 1112 secundum
846 1074 1075 1110 servitutem⁴
1151 1074 1277 1110 Primo
1317 1082 1444 1123 stupor

155 1138 288 1163 omnes
308 1127 556 1164 admiratione
578 1128 632 1164 rei
664 1135 739 1163 tam
774 1126 910 1163 atrocis
930 1126 1084 1163 defixit:
1131 1126 1323 1163 silentium
1355 1127 1443 1164 inde

156 1178 385 1226 aliquamdiu
405 1180 538 1216 tenuit.
597 1180 696 1216 Dein
731 1192 845 1228 quum
872 1178 927 1214 M.
949 1179 1146 1222 Claudius.
1164 1179 1444 1216 circumstanti-

156 1229 226 1266 bus
245 1231 438 1279 matronis,
459 1232 528 1269 iret
549 1233 595 1269 ad
615 1232 924 1281 prehendendam
955 1231 1153 1279 virginem,
1176 1231 1444 1268 lamentabilis·

110 1296 143 1322 20
155 1295 227 1330 que
247 1296 333 1320 eum
368 1284 568 1321 mulierum
602 1284 845 1333 comploratio
870 1283 1107 1331 excepisset3
1154 1283 1365 1332 Virginius,
1387 1284 1443 1320 in-

155 1341 306 1371 tentans
336 1336 374 1372 in
405 1337 572 1384 Appium
604 1349 751 1383 manus,
788 1335 976 1382 “Icilio,''
1014 1335 1146 1383 inquit,
1187 1336 1342 1384 ιιΑρῃί,
1365 1349 1442 1373 non

157 1390 181 1410 “
197 1387 276 1432 tibi,
297 1387 412 1424 filiam
432 1389 636 1437 despondi3
675 1396 711 1425 et
732 1389 778 1424 ad
799 1388 962 1436 nuptias,
983 1400 1059 1424 non
1080 1388 1126 1423 ad
1147 1394 1331 1436 stuprum,
1352 1389 1443 1425 edu-

155 1443 180 1463 “
196 1439 291 1476 cavi.
348 1440 476 1477 Placet
495 1442 684 1489 pecudum
706 1440 942 1488 ferarumque
970 1440 1042 1476 ritu
1061 1440 1272 1488 promiscue
1294 1441 1331 1476 in
1352 1453 1443 1477 con-

154 1491 347 1528 “cubitus
366 1494 503 1530 ruere?
561 1493 763 1530 Passurine
784 1494 865 1529 haec
885 1492 944 1529 isti
964 1492 1050 1537 sint,
1072 1492 1223 1528 nescio:
1262 1505 1337 1528 non
1358 1505 1442 1541 spe-

107 1546 180 1582 95ιι
195 1556 236 1580 ro
251 1556 333 1580 esse
353 1557 527 1593 passuros
547 1545 642 1592 illos,
676 1546 737 1593 qui
768 1558 871 1581 arma
895 1544 1075 1580 habent.”
1130 1543 1264 1583 Quum
1285 1545 1441 1593 repelle-

154 1602 255 1632 retur
275 1603 434 1633 assertor
453 1597 610 1646 virginis
631 1610 652 1634 a
670 1598 782 1646 globo
812 1597 1013 1633 mulierum
1033 1596 1439 1646 circumstantiumque

155 1647 433 1693 advocatorum,
455 1649 644 1687 silentium
667 1650 807 1686 factum
828 1662 893 1699 per
912 1661 1139 1698 praeconem.

206 1751 396 1790 XLVIII.
435 1754 649 1799 Decemvir,
671 1756 856 1792 alienatus
876 1755 922 1791 ad
942 1754 1139 1791 libidinem
1153 1754 1290 1799 animo,
1310 1762 1437 1804 negat,

152 1804 363 1842 “hesterno
382 1806 527 1844 tantiim
547 1809 721 1844 convicio
754 1808 851 1844 Icilii
882 1807 1135 1855 violentiaque
1165 1807 1343 1855 virginii,
1375 1819 1440 1843 cu-

108 1857 248 1906 30“jus
267 1864 400 1894 testem
421 1860 599 1908 populum
630 1861 849 1897 Romanum
883 1860 1030 1904 habeat,
1061 1859 1126 1895 sed
1157 1860 1271 1895 certis
1291 1871 1439 1907 quoque

152 1909 341 1946 “indiciis
370 1919 602 1960 compertum
637 1925 677 1948 se
711 1912 862 1955 habere,
897 1918 1008 1947 nocte
1029 1913 1103 1947 tota
1133 1918 1254 1947 coetus
1287 1911 1324 1947 in
1346 1911 1438 1947 urbe

152 1965 177 1986 “
190 1961 307 1998 factos
339 1975 422 1999 esse
455 1964 502 1999 ad
535 1965 759 2000 movendam
793 1964 1031 2000 seditionem.
1089 1963 1221 2011 Itaque
1251 1976 1305 2009 se,
1337 1963 1437 1999 haud

152 2013 352 2050 “inscium
370 2015 451 2064 ejus
471 2016 737 2061 dimicationis,
759 2029 846 2053 cum
867 2016 1020 2052 armatis
1040 2015 1284 2052 descendisse
1303 2028 1312 2059 ς
1361 2028 1437 2052 non

152 2070 176 2090 “
190 2073 230 2103 ut
249 2079 476 2115 quemquam
505 2069 676 2117 quietum
699 2069 864 2115 violaret,
895 2069 961 2104 sed
982 2075 1022 2104 ut
1051 2068 1246 2104 turbantes
1275 2067 1437 2104 civitatis

106 2119 304 2156 ae‘ssotium
327 2132 392 2168 pro
425 2120 618 2168 majestate
650 2121 796 2169 imperii
829 2125 1034 2157 coerceret.
1091 2120 1255 2156 Proinde
1285 2120 1435 2168 quiesse

152 2171 260 2206 “erit
278 2172 424 2208 melius.
481 2172 538 2216 I‚''
561 2174 695 2222 inquit,
716 2178 740 2196 aa
754 2173 886 2218 lictor;
925 2173 1102 2209 submove
1123 2172 1293 2217 turbam3
1331 2180 1369 2208 et
1387 2172 1435 2208 da

153 2221 287 2258 “viam
322 2224 474 2261 domino
520 2226 566 2261 ad
602 2226 915 2274 prehendendum
954 2224 1224 2272 mancipium.’'
1299 2223 1433 2263 Quum

153 2273 235 2310 haec
255 2273 476 2313 intonuisset
496 2277 630 2326 plenus
652 2278 727 2320 irae,
758 2277 959 2314 multitudo
978 2277 1059 2325 ipsa
1078 2289 1117 2312 se
1138 2276 1206 2313 sua
1227 2284 1357 2325 sponte
1378 2276 1434 2312 di-

152 2326 292 2371 movit3
335 2327 555 2377 desertaque
583 2331 710 2379 praeda
729 2330 874 2379 injurize
894 2329 1018 2378 puella
1038 2329 1169 2366 stabat.
1224 2329 1327 2365 Tum
1350 2328 1434 2364 Vir·

107 2378 290 2427 wginius,
329 2379 392 2415 ubi
429 2380 521 2416 nihil
555 2395 712 2431 usquam
746 2382 874 2418 auxilii
912 2381 1015 2424 vidit,
1051 2380 1274 2424 “Quaeso‚’'
1297 2380 1431 2427 inquit,

151 2436 172 2452 ‘⁸
187 2430 302 2479 Appi,
322 2430 482 2479 primiim
503 2432 657 2481 ignosce
676 2435 795 2482 patrio
827 2434 958 2477 dolori,
993 2434 1023 2470 si
1047 2433 1135 2482 quid
1158 2431 1432 2469 inclementius

152 2483 227 2519 “in
249 2490 284 2519 te
310 2495 391 2519 sum
424 2483 618 2522 invectus:
669 2487 807 2522 deinde
838 2486 939 2523 sinas
972 2486 1033 2522 hic
1053 2498 1180 2522 coram
1201 2484 1344 2533 virgine
1364 2495 1432 2519 nu-
