1617 2765
600 174 742 207 LIBER
765 174 828 204 111.
853 182 934 205 CAP.
952 184 986 205 L.
1381 173 1433 210 95

148 273 231 323 ejus
250 271 530 310 multitudinem
549 269 705 306 sedavit.
765 269 930 305 Senatus
950 280 1022 305 nec
1042 266 1191 316 plebem
1212 267 1432 304 irritandam

149 326 298 362 censuit
315 338 323 360 ε
352 332 390 360 et
409 321 526 359 multo
545 322 666 371 magis
685 321 973 370 providendum,
1004 332 1052 356 ne
1077 318 1167 368 quid
1188 319 1351 368 Virginii
1371 320 1434 356 ad-

149 385 280 414 ventus
299 377 338 412 in
358 375 530 412 exercitu
548 376 669 412 motus
690 374 843 410 faceret.

199 480 243 516 L.
288 479 419 528 Itaque
440 479 544 516 missi
569 479 739 528 juniores
767 478 921 514 Patrum
951 477 989 514 in
1020 483 1155 520 castra,
1185 488 1267 524 quae
1296 482 1376 512 turn
1396 475 1434 512 in

117 539 273 579 5monte
293 532 442 569 Vecilio
460 539 581 579 erant,
600 531 778 568 nuntiant
806 530 1045 573 decemviris,
1080 536 1120 565 ut
1152 528 1255 565 omni
1288 540 1359 577 ope
1389 529 1436 564 ab

147 585 331 621 seditione
352 585 491 621 milites
510 584 732 621 contineant
749 597 757 619 :
804 583 869 619 ubi
890 582 1087 631 Virginius
1107 581 1302 630 majorem,
1322 578 1436 628 quam

147 637 348 685 reliquerat
367 637 406 674 in
426 637 542 683 Urbe,
562 643 704 673 motum
724 635 876 672 excivit.
934 635 1049 677 Nam,
1070 642 1316 683 praeterquam
1337 631 1436 680 quOd

147 690 300 738 agmine
329 689 445 739 prope
474 689 838 738 quadringentorum
868 688 1063 724 hominum
1094 686 1264 732 veniens,
1293 685 1356 734 qui
1391 685 1438 721 ab

147 740 249 778 Urbe
281 742 506 791 indignitate
539 742 593 778 rei
622 740 776 777 accensi
805 740 963 777 comites
991 739 1025 775 ei
1055 752 1095 775 se
1124 738 1320 785 dederant,
1350 750 1440 774 con-

105 815 135 840 10
148 802 300 842 spectus
319 803 402 839 est3
433 794 605 830 strictum
625 794 737 830 etiam
758 793 888 835 telum,
909 804 1177 841 respersusque
1195 791 1273 839 ipse
1290 802 1437 833 cruore,

148 853 224 882 tota
254 848 291 884 in
320 860 359 883 se
389 854 512 883 castra
540 846 750 883 convertit:
794 852 829 882 et
850 852 960 894 toga),
983 843 1224 880 multifariam
1246 843 1284 879 in
1305 842 1439 879 castris

149 898 249 946 visae‚
271 900 421 948 majoris
440 897 642 946 aliquanto,
662 898 772 945 quam
793 905 884 942 erat,
912 897 1079 945 speciem
1100 896 1253 932 urbanae
1274 895 1440 931 multitu-

149 950 249 987 dinis
270 952 449 988 fecerant.
478 951 766 996 Quaerentibus,
786 950 875 998 quid
897 950 948 985 rei
970 955 1082 991 esset,
1103 948 1198 984 flens
1218 948 1283 983 diu
1304 959 1435 983 vocem

148 1014 224 1039 non
245 1004 367 1040 misit:
406 1003 575 1050 tandem,
606 1009 646 1038 ut
672 1002 749 1051 jam
769 1014 816 1037 ex
848 1001 1098 1050 trepidatione
1128 1000 1438 1036 concurrentium

106 1058 257 1100 15turba
286 1055 467 1099 constitit,
498 1067 544 1091 ac
579 1054 771 1091 silentium
803 1053 885 1097 fuit,
919 1054 1052 1090 ordine
1082 1059 1235 1098 cuncta,
1265 1058 1306 1088 ut
1334 1058 1441 1100 gesta

147 1117 268 1156 erant,
289 1108 473 1157 exposuit.
530 1107 696 1156 Supinas
715 1106 853 1143 deinde
874 1106 1035 1143 tendens
1049 1117 1195 1148 manus,
1217 1104 1442 1141 commilito-

150 1174 217 1198 nes
237 1161 442 1210 appellans,
461 1160 603 1206 orabat,
633 1162 656 1181 “
670 1159 746 1203 Ne,
767 1159 865 1208 quod
897 1159 1022 1195 scelus
1052 1159 1125 1206 Ap.
1147 1157 1298 1193 Claudii
1328 1163 1440 1204 esset,

150 1213 258 1251 “sibi
279 1213 548 1257 attribuerent3
595 1225 670 1249 neu
705 1225 758 1259 se,
792 1218 833 1247 ut
858 1211 1084 1260 parricidam
1104 1210 1275 1254 liberum,
1296 1221 1442 1245 aversa-

150 1263 176 1285 “
188 1273 329 1303 rentur.
387 1265 469 1302 Sibi
488 1265 600 1301 vitam
622 1265 708 1301 filiae
728 1264 796 1300 sua
829 1264 1014 1300 cariorem
1045 1263 1171 1305 fuisse,
1197 1262 1227 1298 si
1246 1262 1375 1298 liberae
1396 1274 1442 1298 ac

105 1317 338 1368 20“pudicae
368 1318 492 1354 vivere
525 1318 671 1354 licitum
707 1317 848 1353 suisset.
904 1316 1053 1362 Quum,
1074 1315 1175 1351 velut
1204 1327 1363 1357 servam,
1394 1313 1441 1350 ad

151 1369 359 1420 “stuprum
389 1370 469 1419 rapi
507 1370 663 1416 videret,
699 1376 816 1405 morte
846 1368 965 1405 amitti
995 1368 1130 1404 melius
1159 1375 1294 1410 ratum,
1325 1367 1441 1415 quam

151 1422 175 1443 “
189 1423 432 1465 contumelia,
453 1422 603 1466 liberos,
625 1421 884 1458 misericordia
904 1434 943 1457 se
965 1421 1002 1457 in
1021 1421 1187 1469 speciem
1208 1418 1443 1456 crudelitatis

151 1476 175 1495 ‘⁴
190 1477 347 1524 lapsum.
422 1475 510 1511 Nec
539 1488 578 1511 se
607 1474 847 1523 superstitem
887 1473 972 1510 filiae
1013 1473 1179 1509 futurum
1210 1472 1338 1515 fuisse,
1368 1470 1442 1508 nisi

151 1528 293 1577 “spem
315 1527 546 1564 ulciscendae
566 1527 695 1564 mortis
724 1527 806 1575 ejus
840 1526 878 1562 in
900 1525 1039 1562 auxilio
1059 1525 1360 1561 commilitonum
1381 1524 1444 1560 ha-

106 1580 342 1621 25“buisset.
417 1579 497 1616 Illis
525 1592 671 1628 quoque
710 1579 812 1617 enirn
852 1579 957 1624 filias,
988 1591 1146 1624 sorores,
1186 1577 1443 1626 conjugesque

152 1633 176 1654 ‘⁶
190 1645 285 1670 esse.
341 1631 428 1669 Nec
447 1644 534 1668 cum
555 1632 632 1668 filia
648 1632 717 1668 sua
737 1631 934 1667 libidinem
957 1632 1025 1679 Ap.
1043 1630 1195 1667 Claudii
1215 1629 1443 1666 exstinctam

152 1686 272 1721 “esse
291 1698 299 1721 :
329 1684 408 1727 sed,
429 1683 501 1732 quo
522 1684 740 1733 impunitior
760 1684 821 1727 sit,
848 1682 895 1719 eo
916 1683 1194 1720 effrenatiorem
1216 1682 1306 1719 fore.
1363 1681 1445 1718 Ali-

154 1737 266 1774 “ena
299 1736 513 1774 calamitate
544 1737 816 1773 documentum
851 1736 980 1772 datum
1012 1735 1085 1771 illis
1110 1735 1290 1772 cavendae
1311 1734 1444 1770 similis

152 1791 177 1812 “
191 1790 350 1839 injuriae.
405 1788 524 1828 Quod
544 1789 589 1825 ad
611 1802 650 1825 se
671 1788 840 1831 attineat,
862 1800 1018 1824 uxorem
1050 1787 1120 1824 sibi
1152 1787 1230 1824 fato
1249 1794 1416 1835 ereptam
1435 1798 1443 1823 z

107 1844 176 1882 ao“
191 1843 318 1888 filiam,
339 1842 427 1890 quia
445 1854 521 1878 non
552 1841 650 1878 ultra
669 1841 810 1890 pudica
839 1841 985 1876 victura
1018 1840 1140 1885 fuerit,
1167 1839 1356 1882 miseram,
1377 1839 1444 1875 sed

153 1898 178 1920 “
192 1896 400 1939 honestam,
422 1901 578 1930 mortem
595 1893 834 1930 occubuisse.
893 1893 981 1929 Non
1008 1905 1090 1929 esse
1116 1893 1195 1941 jam
1229 1891 1446 1940 Appiilibi-

152 1948 270 1984 “dini
299 1947 426 1984 locum
447 1946 486 1983 in
515 1946 627 1983 domo
656 1947 721 1982 susi
740 1958 748 1982 :
782 1945 829 1981 ab
849 1945 925 1981 alia
951 1945 1130 1981 violentia
1149 1944 1231 1994 ejus
1247 1944 1382 1981 eodem
1405 1956 1445 1980 se

153 2000 318 2038 “animo
337 2012 447 2036 suum
477 2011 614 2047 corpus
643 1998 935 2043 vindicaturum,
964 2010 1038 2046 quo
1067 1997 1316 2034 vindicaverit
1346 1997 1443 2033 filiae.

152 2052 329 2091 “Caeteri
363 2052 434 2088 sibi
466 2064 512 2088 ac
540 2051 669 2088 liberis
697 2051 774 2087 suis
803 2050 1085 2087 consulerent.'’
1143 2050 1240 2086 Haec
1270 2049 1446 2098 Virginio

109 2104 374 2144 35vociseranti
412 2104 671 2141 succlamabat
710 2103 925 2149 multitudo,
965 2115 1037 2139 nec
1067 2103 1166 2139 illius
1195 2102 1326 2147 dolori,
1370 2114 1445 2138 nec

155 2171 232 2195 suae
261 2157 422 2194 libertati
452 2170 491 2193 se
520 2156 725 2193 defuturos.
801 2156 850 2192 Et
875 2155 1035 2192 immixti
1057 2155 1174 2192 turbae
1203 2154 1364 2191 militurn
1393 2163 1447 2191 to-

154 2210 245 2260 gati,
266 2222 380 2257 quum
411 2210 546 2246 eadem
578 2209 641 2246 illa
673 2208 879 2257 querendo,
901 2208 1161 2256 docendoque,
1182 2206 1322 2256 quant&
1352 2207 1444 2251 visa,

154 2261 268 2311 quam
289 2262 428 2309 audita,
448 2262 663 2311 indigniora
694 2261 886 2310 potuerint
914 2261 1046 2307 videri,
1077 2260 1187 2297 simul
1209 2259 1444 2309 profligatam

152 2316 230 2365 jam
260 2326 339 2350 rem
359 2314 570 2352 nuntiando
598 2315 734 2352 Romae
754 2327 863 2357 csse3
911 2313 1162 2362 insecutique,
1192 2313 1254 2361 qui
1276 2312 1443 2361 Appium

110 2378 143 2404 40
157 2368 269 2417 prope
290 2366 555 2414 interemptum
576 2367 614 2404 in
634 2367 807 2404 exsilium
830 2366 952 2402 abisse
972 2366 1158 2409 dicerent,
1185 2365 1444 2414 perpulerunt,

158 2427 199 2457 ut
219 2419 265 2456 ad
287 2430 392 2454 arma
421 2419 734 2462 conclamaretur,
770 2419 1025 2467 vellerentque
1058 2419 1180 2468 signa,
1215 2424 1253 2454 et
1279 2418 1443 2453 Romani

157 2472 499 2522 proficiscerentur.
557 2471 787 2517 Decemviri,
809 2471 919 2507 simul
941 2472 998 2507 his
1017 2484 1100 2520 quae
1123 2470 1302 2507 videbant
1334 2467 1443 2504 simul
