1617 2765
658 172 796 203 LIBER
819 172 864 202 ΙΙ.
891 181 1058 202 CAP.VI1.
1423 173 1474 211 63

197 265 271 302 lem
291 265 428 315 dirigit.
485 264 612 301 Sensit
646 264 682 301 in
702 277 742 301 se
772 265 815 302 iri
848 265 998 302 Brutus.
1054 264 1246 301 Decorum
1279 273 1360 303 erat
1392 274 1472 304 tum

199 317 288 366 ipsis
306 329 502 366 capessere
521 329 686 365 pugnam
707 317 890 353 ducibus:
930 317 1036 353 avide
1070 317 1193 364 itaque
1214 329 1253 353 se
1273 319 1471 356 certamini

197 370 326 406 offert:
355 367 521 416 adeoque
542 368 685 405 infestis
718 369 853 405 animis
883 375 1168 412 concurrerunt,
1203 376 1348 412 neuter,
1384 371 1473 407 dum

199 421 343 457 hostem
364 420 587 463 vulneraret,
609 421 665 457 sui
686 421 907 470 protegendi
938 421 1104 468 corporis
1136 433 1291 463 memor,
1312 429 1362 465 ut,
1385 435 1475 458 con-

170 482 185 506 5
198 472 309 509 trario
329 472 405 508 ictu
424 485 489 520 per
508 485 674 520 parmam
696 480 850 521 uterque
879 473 1090 515 transfixus,
1124 472 1270 508 duabus
1290 473 1474 510 haerentes

197 524 324 567 hastis,
346 524 558 560 moribundi
577 537 624 560 ex
643 525 748 572 equis
766 525 859 573 lapsi
879 524 974 560 sint:
1005 525 1114 560 simul
1135 531 1171 560 et
1191 531 1327 560 caetera
1347 537 1476 572 eques—

197 576 262 612 tris
281 588 408 625 pugna
441 576 577 624 coepit3
623 589 745 624 neque
775 577 826 612 ita
857 575 971 612 multo
1004 576 1086 624 post
1118 583 1155 612 et
1184 576 1329 624 pedites
1349 589 1475 624 super-

198 628 363 664 veniunt.
420 628 478 664 Ibi
500 628 599 664 varia
617 628 784 673 victoria,
805 636 842 664 et
861 628 963 664 velut
983 641 1089 676 aequo
1109 628 1245 670 Marte,
1267 636 1473 676 pugnatum

195 686 251 716 est
268 692 276 714 :
306 680 437 716 dextra
457 680 641 728 utrimque
661 693 803 716 cornua
829 680 964 722 vicere,
986 680 1078 716 laeva
1097 687 1280 729 superata.
1341 680 1476 729 Vejen-

152 739 182 763 10
196 738 262 777 tes,
282 731 380 768 vinci
402 732 449 768 ab
478 732 654 768 Romano
687 733 804 778 milite
838 732 989 774 assueti,
1021 732 1092 768 fusi
1113 732 1325 781 fugatique:
1382 732 1476 769 Tar-

194 783 412 830 quiniensis,
434 797 551 820 novus
571 784 699 827 hostis,
720 797 795 821 non
814 784 916 820 stetit
949 783 1081 828 solum,
1112 785 1178 821 sed
1205 785 1319 820 etiam
1341 785 1387 821 ab
1407 785 1476 821 Sua

193 842 297 883 parte
317 835 534 872 Romanum
554 836 696 885 pepulit

248 939 336 975 VII.
368 939 425 976 Ita
444 953 558 988 quum
578 947 787 988 pugnatum
807 947 918 986 esset,
939 947 1064 977 tantus
1083 948 1200 977 terror
1220 940 1473 988 Tarquinium

194 997 304 1038 atque
325 991 504 1028 Etruscos
524 992 691 1033 incessit,
714 999 754 1028 ut
772 992 911 1028 omissa
932 992 1035 1028 irrita
1065 1005 1118 1036 re,
1152 1000 1262 1029 nocte
1283 993 1393 1029 ambo
1413 1005 1475 1029 ex-

116 1063 121 1068 ·
152 1050 181 1074 15
194 1042 346 1090 ercitus,
366 1043 508 1092 Vejens
528 1044 905 1091 Tarquiniensisque,
940 1056 1026 1080 suas
1055 1045 1211 1092 quisque
1246 1043 1393 1080 abirent
1413 1045 1475 1081 do-

193 1107 284 1131 mOS.
341 1095 540 1144 Adjiciunt
572 1096 755 1132 miracula
791 1095 879 1132 huic
908 1108 1069 1144 pugnae:
1117 1097 1266 1133 silentio
1295 1097 1473 1144 proximae

193 1146 316 1183 noctis
351 1160 399 1183 ex
433 1147 523 1184 silva
554 1148 668 1184 Arsia
711 1147 904 1197 ingentem
950 1148 1089 1184 editam
1126 1160 1282 1192 vocem;
1331 1148 1473 1185 Silvani

194 1210 324 1235 vocem
343 1211 426 1236 eam
446 1200 650 1245 creditam;
681 1200 762 1236 haec
790 1200 916 1244 dicta3
965 1200 1089 1237 “Uno
1121 1200 1204 1249 plus
1230 1200 1474 1237 Etruscorum

193 1251 476 1288 “cecidissem
507 1252 614 1288 acie·
606 1279 616 1296 ,
663 1252 813 1288 vincere
844 1252 941 1288 bello
970 1252 1201 1288 Romanum.
1207 1253 1230 1268 ’'
1287 1251 1344 1288 Ita
1373 1252 1474 1289 certe

150 1309 182 1333 20
195 1302 283 1338 inde
303 1303 432 1341 abiere
451 1304 632 1350 Romani,
652 1311 693 1340 ut
713 1304 894 1340 victores·
887 1333 894 1348 ,
926 1304 1077 1340 Etrusci
1097 1317 1164 1353 pro
1184 1304 1304 1341 victis.
1358 1304 1472 1350 Nam,

193 1361 387 1403 postquam
409 1355 542 1399 illuxit,
562 1369 636 1392 nec
655 1356 851 1404 quisquam
884 1356 1046 1392 hostium
1076 1356 1115 1392 in
1149 1364 1355 1405 conspectu
1382 1364 1473 1400 erat,

194 1406 236 1442 P.
260 1406 431 1443 Valerius
450 1408 580 1444 consul
601 1408 718 1456 spolia
738 1408 841 1456 legit,
872 1408 1180 1456 triumphansque
1201 1409 1289 1444 inde
1309 1408 1474 1444 Romam

193 1458 314 1494 rediit.
371 1459 536 1508 Collegae
556 1459 682 1502 funus,
713 1467 852 1507 quanto
880 1467 959 1495 tum
989 1460 1107 1508 potuit
1137 1470 1328 1508 apparatu,
1362 1460 1473 1496 fecit:

193 1510 258 1546 sed
279 1509 395 1547 multo
414 1512 534 1560 majus
553 1512 661 1547 morti
682 1511 800 1547 decus
829 1511 980 1560 publica
1000 1511 1070 1547 fuit
1102 1512 1290 1558 moestitia,
1321 1511 1366 1547 eo
1387 1520 1474 1548 ante

148 1562 320 1598 250mnia
339 1563 509 1611 insignis,
539 1563 626 1612 quia
662 1570 842 1599 matronae
879 1576 1034 1606 annum,
1072 1570 1112 1599 ut
1144 1571 1350 1612 parentem,
1386 1576 1473 1600 eum

192 1613 381 1658 luxerunt,
417 1614 515 1663 quod
550 1622 625 1652 tam
669 1628 756 1651 acer
793 1615 888 1651 ultor
926 1615 1069 1652 violatae
1103 1615 1295 1664 pudicitia?
1332 1615 1472 1652 fuisset.

194 1664 351 1702 Consuli
380 1667 532 1714 deinde,
564 1667 626 1716 qui
660 1667 907 1716 superfuerat,
948 1667 1008 1716 (ut
1037 1674 1124 1703 sunt
1153 1667 1352 1703 mutabiles
1373 1668 1473 1717 vulgi

194 1717 328 1768 animi)
359 1731 406 1755 ex
436 1719 571 1765 favore,
609 1732 685 1756 non
719 1719 860 1755 invidia
896 1718 1019 1765 moda,
1057 1719 1122 1755 sed
1159 1719 1322 1767 suspicio
1359 1720 1472 1756 etiam

193 1781 279 1805 cum
318 1771 434 1807 atroci
467 1771 638 1813 crimine,
673 1778 764 1808 orta.
821 1771 1002 1819 Regnum
1035 1783 1121 1806 eum
1152 1770 1341 1816 affectare,
1376 1771 1475 1808 fama

150 1828 181 1852 80
194 1820 361 1866 ferebat3
391 1824 478 1871 quia
498 1836 569 1859 nec
589 1823 772 1871 collegam
793 1822 1058 1871 subrogaverat
1088 1823 1126 1858 in
1152 1822 1275 1859 locum
1297 1822 1415 1866 Bruti,
1436 1831 1473 1860 et

194 1873 403 1911 aedificabat
436 1875 473 1911 in
504 1876 652 1911 summa
682 1875 818 1911 Velia:
866 1875 953 1911 “ibi
981 1875 1054 1911 alto
1087 1883 1196 1922 atque
1227 1875 1371 1911 munito
1390 1875 1473 1912 loco

193 1927 358 1963 “arcem
379 1927 710 1976 inexpugnabilem
735 1926 851 1962 fore.'’
907 1927 1004 1963 Haec
1024 1927 1126 1963 dicta
1154 1926 1280 1975 vulgo,
1316 1927 1473 1963 credita-

192 1990 277 2026 que,
297 1992 412 2027 quum
433 1980 657 2028 indignitate
678 1986 861 2027 angerent
880 1979 1046 2015 consulis
1072 1979 1253 2022 animum,
1274 1986 1406 2016 vocato
1426 1980 1471 2015 ad

193 2031 397 2068 concilium
416 2032 563 2081 populo,
584 2031 779 2067 submissis
800 2030 964 2068 fascibus
985 2031 1022 2067 in
1043 2031 1267 2067 concionem
1287 2031 1471 2068 escendit.

150 2083 350 2120 ³5Gratum
368 2084 406 2120 id
426 2083 656 2121 multitudini
677 2084 934 2132 spectaculum
956 2083 1047 2127 suit3
1094 2083 1280 2119 submissa
1299 2083 1369 2119 sibi
1390 2095 1474 2119 esse

195 2134 340 2184 imperii
373 2136 557 2186 insignia3
600 2135 954 2184 confessionemque
993 2135 1142 2180 factam,
1179 2135 1321 2184 populi,
1358 2136 1471 2183 quam

196 2188 371 2235 consulis,
409 2189 640 2237 majestatem
678 2187 824 2236 vimque
862 2188 1040 2237 majorem
1077 2200 1171 2223 esse.
1214 2188 1308 2224 ·Ubi
1342 2187 1471 2223 audire

196 2237 299 2287 jussi,
336 2241 468 2277 consul
504 2241 656 2277 laudare
695 2240 880 2276 fortunam
918 2240 1083 2288 collegae,
1122 2240 1273 2288 “quod,
1313 2240 1471 2276 liberata.

196 2291 220 2311 “
236 2291 365 2339 patria,
385 2292 423 2328 in
441 2305 588 2329 summo
607 2293 760 2335 honore,
791 2305 857 2341 pro
876 2292 1070 2341 republica
1103 2291 1302 2339 dimicans,
1325 2291 1471 2328 matura

153 2343 220 2371 ⁴⁰“
236 2342 369 2392 gloria,
388 2356 460 2380 nec
479 2345 568 2381 dum
588 2357 627 2380 se
648 2351 815 2381 vertente
849 2345 886 2381 in
915 2344 1106 2390 invidiam,
1128 2351 1283 2381 mortem
1304 2344 1471 2380 occubu-

196 2396 220 2417 “
237 2395 348 2431 isset:
377 2408 420 2432 se
439 2397 674 2444 superstitem
695 2396 821 2445 gloriae
842 2409 918 2432 suae
935 2397 980 2432 ad
1001 2397 1146 2432 crimen
1166 2404 1275 2444 atque
1293 2395 1471 2432 invidiam

196 2449 221 2470 “
237 2460 431 2496 superesse
450 2460 456 2484 t
497 2459 543 2484 ex
561 2448 757 2485 liberatore
780 2449 908 2498 patriae
929 2449 974 2485 ad
1011 2448 1196 2497 Aquillios
1222 2461 1261 2484 se
1284 2446 1471 2483 Vitellios-
