1617 2765
140 163 214 201 140
675 165 766 196 T1'r1
788 165 900 197 lell

135 262 306 293 moestam
325 257 484 294 turbam.
541 257 712 295 Dictator
732 259 778 296 de
799 259 948 296 Volscis
964 259 1227 309 triumphavit:
1249 260 1414 297 invidiae-

133 320 205 355 que
228 309 346 357 magis
374 310 599 358 triumphus,
629 312 739 359 quam
759 312 886 360 gloriae
907 312 997 348 fuit:
1044 313 1179 361 quippe
1201 312 1315 355 domi,
1336 325 1411 349 non

133 360 286 405 militiae,
307 369 454 409 partum
475 374 561 398 eum
579 375 588 406 3
619 370 819 411 actumque
849 364 895 400 de
925 364 1020 407 cive,
1041 377 1116 401 non
1137 365 1184 400 de
1205 365 1323 410 hoste,
1344 364 1414 401 fre-

133 412 286 449 mebant
304 425 311 449 :
342 426 458 449 unum
473 414 636 450 defuisse
652 416 801 452 tantiam
819 416 1017 464 superbiae,
1031 417 1128 465 quod
1147 429 1220 453 non
1234 416 1288 452 M.
1304 416 1413 452 Man-

132 463 204 500 lius
224 471 310 501 ante
331 478 482 502 currum
504 466 551 502 sit
569 466 717 503 ductus.
774 467 936 516 Jamque
957 469 1057 505 haud
1078 469 1208 517 procul
1228 468 1412 505 seditione
1441 475 1458 500 5

132 528 190 552 res
223 524 329 561 erat3
375 518 485 566 cujus
503 518 690 555 leniendae
715 520 842 563 causa,
872 521 1084 569 postulante
1113 521 1229 563 nullo,
1260 521 1413 569 largitor

131 568 362 606 voluntarius
382 570 535 618 repente}
565 578 718 608 senatus
747 572 879 617 factus,
911 573 1099 609 Satricum
1129 573 1316 609 coloniam
1337 573 1413 609 duo

130 621 247 657 millia
267 621 405 658 civium
427 622 689 659 Romanorum
709 624 847 660 deduci
864 625 1000 673 jussit:
1045 625 1133 661 bina
1148 625 1281 674 jugera
1300 631 1337 661 et
1356 636 1413 660 se-

129 673 261 709 misses
299 674 378 722 agri
416 675 606 723 assignati.
671 675 789 714 Quod
825 689 940 724 quum
969 684 1007 713 et
1034 689 1187 725 parvum
1217 684 1254 713 et
1281 676 1413 725 paucis

129 724 272 772 datum,
291 733 330 762 et
345 727 559 763 mercedem
580 739 662 763 esse
682 728 866 775 prodendi
896 728 950 765 M.
970 728 1105 764 Manlii
1126 730 1413 777 interpretaren-
1429 734 1457 758 10

128 783 210 821 tur3
240 778 407 814 remedio
427 778 592 815 irritatur
611 779 746 815 seditio
764 792 771 815 :
802 786 840 816 et
855 779 933 828 jam
955 779 1075 828 magis
1094 780 1254 828 insignis
1282 787 1320 816 et
1338 792 1413 817 sor-

128 829 238 865 dibus
258 836 296 865 et
316 829 412 866 facie
432 843 580 867 reorum
599 831 710 867 turba
731 831 926 868 Manliana
945 839 1049 877 erat3
1079 839 1310 880 amotusque,
1330 839 1414 880 post

128 881 360 929 triumphum
381 882 620 919 abdicatione
640 883 849 928 dictaturae,
883 891 1000 921 terror
1025 891 1063 921 et
1082 884 1250 934 linguam
1270 892 1305 920 et
1336 883 1413 920 ani-

129 945 209 969 mos
228 933 453 971 liberaverat
472 935 680 972 hominum.

179 1037 311 1075 XVII.
343 1039 608 1077 Audiebantur
627 1040 750 1089 itaque
767 1041 956 1090 propalam
971 1054 1082 1078 voces
1104 1040 1411 1090 exprobrantium
1427 1049 1458 1074 15

128 1091 373 1135 multitudini,
415 1092 553 1141 “quod
573 1093 790 1130 defensores
818 1107 906 1131 suos
935 1107 1082 1142 semper
1112 1094 1149 1130 in
1180 1094 1412 1142 praecipitem

128 1149 153 1165 ‘⁶
168 1143 294 1179 locum
314 1143 437 1180 favore
466 1145 582 1191 tollat,
604 1145 741 1182 deinde
763 1146 800 1182 in
822 1146 902 1195 ipso
932 1147 1150 1183 discrimine
1171 1146 1328 1194 periculi
1349 1146 1412 1182 de-

128 1201 153 1218 “
170 1195 309 1231 stituat.
367 1196 433 1233 Sic
454 1197 518 1245 Sp.
540 1197 728 1243 Cassium,
750 1198 788 1234 in
818 1211 927 1247 agros
955 1198 1104 1247 plebem
1123 1205 1335 1243 vocantem,
1357 1197 1412 1233 sic

128 1253 152 1270 “
171 1247 235 1296 Sp.
258 1248 436 1291 Maelium,
458 1250 505 1285 ab
523 1262 587 1286 ore
617 1250 756 1286 civium
787 1250 924 1286 famem
953 1251 1031 1287 suis
1057 1250 1237 1299 impensis
1265 1249 1413 1298 propul-

128 1302 152 1322 “
169 1307 329 1347 santem,
349 1313 570 1350 oppressos3
613 1301 668 1338 sic
689 1303 740 1338 M.
762 1302 962 1350 Manlium,
993 1315 1154 1339 mersam
1184 1309 1222 1338 et
1240 1303 1410 1338 obrutam
1425 1309 1457 1334 20

129 1358 153 1375 “
171 1351 313 1389 foenore
326 1362 468 1401 partem
484 1354 646 1391 civitatis
664 1354 701 1390 in
717 1354 927 1391 libertatem
942 1368 986 1392 ac
999 1355 1123 1392 lucem
1137 1355 1410 1397 extrahentem,

129 1405 358 1452 “proditum
391 1405 568 1443 inimicis.
634 1407 818 1456 Saginare
847 1407 997 1456 plebem
1025 1407 1223 1456 populares
1243 1419 1342 1453 suos,
1372 1414 1412 1442 ut

130 1457 400 1505 “jugulentur.
458 1459 633 1496 Hoccine
653 1460 872 1507 patiendum
903 1460 1030 1504 fuisse,
1062 1460 1091 1495 si
1113 1460 1159 1495 ad
1180 1466 1312 1495 nutum
1333 1459 1412 1494 dic-

129 1514 153 1531 “
171 1509 300 1546 tatoris
320 1523 396 1546 non
426 1512 661 1559 responderit
689 1512 743 1548 vir
772 1512 1015 1548 consularis?
1071 1511 1279 1560 Fingerent
1307 1523 1412 1546 men-

129 1567 153 1583 “
171 1561 279 1597 titum
301 1563 400 1605 ante,
423 1570 532 1611 atque
551 1563 635 1600 ideo
667 1576 742 1600 non
777 1564 966 1607 habuisse,
992 1564 1090 1612 quod
1111 1571 1189 1600 tum
1210 1563 1456 1610 responde-25

132 1618 154 1636 ‘⁴
171 1621 249 1650 ret:
279 1614 342 1650 cui
362 1627 468 1651 servo
487 1628 652 1663 unquam
686 1616 876 1652 mendacii
906 1629 1056 1665 poenam
1085 1615 1237 1652 vincula
1263 1615 1410 1650 fuisse?

130 1669 152 1688 “
170 1665 258 1702 Non
292 1666 524 1703 obversatam
553 1680 636 1704 esse
656 1668 875 1704 memoriam
902 1668 1023 1705 noctis
1052 1668 1163 1714 illius,
1192 1680 1274 1715 quae
1305 1679 1412 1715 paene

128 1723 152 1740 ‘⁴
169 1718 301 1754 ultima
320 1725 429 1767 atque
450 1727 590 1756 aeterna
609 1720 753 1757 nomini
774 1720 952 1757 Romano
972 1720 1111 1756 fuerit?
1148 1732 1223 1756 non
1245 1719 1411 1767 speeiem

129 1775 153 1792 ‘⁴
169 1770 332 1819 agminis
352 1771 559 1815 Gallorum,
580 1785 645 1821 per
665 1772 870 1822 Tarpejam
890 1785 1021 1821 rupem
1042 1772 1289 1809 scandentis?
1334 1784 1410 1807 non

128 1822 285 1871 “ipsius
305 1823 358 1859 M.
381 1824 530 1867 Manlii,
551 1825 699 1872 qualem
733 1838 820 1861 eum
850 1832 1048 1871 armatum,
1082 1824 1234 1873 plenum
1264 1823 1411 1859 sudoris

128 1880 152 1897 “
169 1887 214 1911 ac
227 1875 436 1923 sanguinis,
461 1876 541 1924 ipso
554 1889 661 1925 paene
681 1877 774 1913 Jove
787 1885 915 1925 erepto
927 1890 972 1913 ex
987 1877 1148 1913 hostium
1161 1875 1348 1918 manibus,
1361 1875 1411 1911 vi·
1423 1885 1455 1910 30

128 1932 152 1949 “
169 1927 343 1964 dissent?
375 1928 577 1964 Selibrisne
595 1928 701 1965 farris
716 1930 873 1977 gratiam
891 1928 1067 1965 servatori
1085 1928 1211 1976 patriae
1229 1927 1410 1964 relatam?

128 1985 152 2002 “
168 1986 206 2016 et
224 1991 335 2027 quem
355 1979 470 2028 prope
491 1980 695 2025 coelestem,
725 1981 951 2029 oagnomine
971 1979 1071 2016 certe
1094 1980 1307 2028 Capitolino
1326 1979 1409 2016 Jovi

129 2037 153 2054 ‘⁶
171 2043 312 2080 parem,
335 2032 506 2078 fecerint,
526 2045 613 2068 eum
633 2033 708 2081 pati
741 2033 910 2069 vinctum
931 2033 968 2068 in
988 2045 1153 2077 carcere,
1171 2032 1209 2068 in
1230 2031 1409 2078 tenebris,

129 2084 370 2120 “obnoxiam
391 2084 580 2121 carnificis
606 2085 758 2121 arbitrio
787 2085 926 2122 ducere
956 2084 1153 2121 animam?
1228 2083 1339 2120 Adeo
1370 2084 1408 2120 in

129 2142 153 2159 ‘⁴
171 2149 247 2172 uno
266 2137 442 2173 omnibus
461 2137 550 2173 satis
571 2137 702 2174 auxilii
724 2136 850 2181 fuisse,
871 2137 1013 2173 nullam
1033 2149 1143 2186 opem
1164 2136 1201 2173 in
1221 2146 1297 2173 tam
1318 2136 1455 2172 mul-35

130 2188 218 2224 “tis
238 2188 303 2224 uni
324 2189 470 2225 essei'’
527 2189 612 2225 Jam
642 2202 691 2226 ne
720 2197 831 2226 nocte
860 2189 1011 2237 quidem
1041 2189 1151 2225 turba
1179 2202 1225 2225 ex
1253 2202 1298 2225 eo
1327 2189 1410 2225 loco

128 2239 378 2284 dilabebatur,
417 2241 716 2290 refracturosque
747 2254 938 2278 carcerem
969 2241 1209 2278 minabantur
1226 2254 1234 2286 ;
1281 2253 1408 2289 quum,

128 2292 285 2329 remisso
304 2305 349 2329 eo
367 2293 466 2341 quod
487 2294 648 2342 erepturi
669 2301 788 2341 erant,
818 2306 865 2330 ex
883 2294 1222 2330 senatus-consulto
1243 2293 1410 2329 Manlius

129 2344 289 2381 vinculis
308 2345 486 2382 liberatur
503 2358 510 2382 z
550 2358 624 2393 quo
644 2345 742 2383 facto
762 2359 836 2382 non
869 2346 1003 2382 seditio
1033 2346 1151 2389 finita,
1172 2346 1237 2382 sed
1258 2346 1335 2381 dux
1353 2357 1410 2381 se-

131 2396 266 2434 ditioni
286 2397 395 2434 datus
414 2405 481 2434 est.
540 2397 611 2434 Per
630 2399 782 2434 eosdem
803 2399 883 2434 dies
917 2398 1063 2434 Latinis
1095 2406 1133 2434 ct
1154 2398 1344 2442 Hernicis,
1361 2396 1454 2432 si-4o

130 2449 205 2486 mul
227 2450 370 2487 colonis
390 2450 674 2499 Circejensibus
693 2458 729 2487 et
751 2464 771 2487 a
791 2451 957 2498 Velitris,
992 2451 1240 2500 purgantibus
1260 2462 1300 2486 se
1320 2448 1409 2486 Vol-
