1617 2765
135 171 211 209 138
674 171 765 203 T1T1
789 172 897 204 len

133 265 262 302 addita
303 264 377 302 alia
418 266 674 303 commotioris
712 267 758 303 ad
797 268 925 304 omnia
957 269 1144 305 turbanda
1172 269 1319 306 consilii
1348 281 1419 307 res.

134 317 314 354 Fundum
344 318 383 355 in
417 318 582 367 Vejenti‚
625 328 739 367 caput
780 320 996 368 patrimonii
1035 321 1197 370 subjecit
1225 322 1390 369 praeconi
1411 334 1420 358 ε

133 372 157 391 “
175 370 237 407 Ne
256 382 368 418 quem
388 371 592 417 vestrumst
613 371 747 419 inquit,
767 375 790 393 ⁴⁶
808 371 995 415 Quirites,
1017 373 1139 410 donec
1158 373 1361 422 quidquam
1381 374 1420 410 in

134 424 158 445 “
175 435 214 459 re
233 423 319 459 mea
339 423 536 472 supererit,
554 423 765 472 judicatum
791 424 1031 462 addictumve
1052 426 1140 462 duci
1161 426 1317 474 patiar-’³
1375 426 1421 463 Id

135 474 222 512 vero
238 475 290 512 ita
309 475 486 512 accendit
506 476 665 522 animos,
699 483 740 512 ut
760 488 824 524 per
844 489 956 512 omne
991 477 1045 514 fas
1064 490 1109 514 ac
1129 478 1235 514 nefas
1255 478 1420 515 secuturi
1449 492 1466 518 5

135 528 325 565 vindicem
359 527 542 564 libertatis
575 528 802 564 viderentur.
859 529 922 564 Ad
943 529 1026 575 hoc,
1048 530 1161 575 domi,
1193 531 1423 567 concionan-

135 580 183 617 tis
196 581 233 617 in
251 580 417 623 modum,
435 592 627 616 sermones
639 580 741 628 pleni
755 580 957 617 criminum
975 581 1013 618 in
1027 581 1181 627 Patres
1203 582 1299 618 inter
1315 595 1421 630 quos,

135 645 264 681 quum,
302 632 442 669 omisso
469 631 700 677 discrimine,
735 645 823 669 vera
854 645 902 669 an
932 645 1028 670 vana
1052 635 1208 683 jaceret,
1238 635 1424 671 “thesau-

135 687 234 722 “ros
253 684 390 721 Gallici
412 684 492 720 auri
507 684 692 720 occultari
706 697 727 720 a
742 684 950 721 Patribus'’
969 686 1088 744 jecit:
1120 688 1141 708 “
1155 699 1227 723 nec
1243 687 1321 736 jam
1342 699 1423 735 pos-

136 739 161 760 “
175 737 344 774 sidendis
355 736 517 785 publicis
530 736 629 785 agris
642 743 840 773 contentos
856 749 952 780 esse,
969 738 1041 774 nisi
1057 739 1258 786 pecuniam
1274 751 1422 787 quoque
1439 752 1468 777 10

136 789 366 838 “publicam
386 795 555 824 avertant
572 800 580 823 :
601 800 647 824 ea
662 800 721 824 res
741 788 771 824 si
790 788 915 836 palam
935 788 1011 832 fiat,
1025 790 1165 826 exsolvi
1185 791 1333 838 plebem
1351 803 1424 828 aere

136 844 160 864 “
175 841 298 878 alieno
313 840 459 889 posse.'’
487 839 589 879 Quae
603 840 666 876 ubi
678 840 827 889 objecta
842 853 928 889 spes
939 848 1008 888 est,
1022 841 1212 879 enimvero
1224 842 1424 891 indignum

138 894 286 931 facinus
305 892 436 940 videri,
456 905 571 941 quum
592 892 865 929 conferendum
886 893 933 929 ad
952 893 1213 930 redimendam
1233 895 1425 932 civitatem

138 960 159 983 a
178 946 298 983 Gallis
317 958 452 982 aurum
473 944 597 991 fuerit,
617 945 756 982 tributo
775 945 1015 982 collationem
1036 946 1174 983 factam
1191 959 1200 992 3
1241 947 1341 983 idem
1362 960 1426 984 au-

137 1011 234 1042 rum,
272 1010 321 1035 ex
358 997 528 1034 hostibus
556 1004 722 1045 captum,
753 997 792 1034 in
821 1010 1028 1046 paucorum
1057 999 1222 1046 praedam
1252 999 1470 1039 cessisse-15

138 1051 271 1100 Itaque
291 1050 594 1098 exsequebantur
614 1050 830 1097 quaerendo,
851 1049 914 1086 ubi
934 1057 1048 1087 tantae
1067 1051 1120 1087 rei
1142 1051 1278 1087 furtum
1299 1052 1427 1089 occul·

138 1111 299 1148 taretur3
348 1102 634 1150 differenteque‚
663 1109 700 1138 et
733 1109 900 1151 tempore
930 1115 998 1139 suo
1026 1115 1067 1139 se
1098 1103 1353 1140 indicaturum
1373 1104 1428 1141 di-

139 1163 262 1201 cente,
283 1155 430 1192 caeteris
448 1154 610 1200 omissis,
630 1152 674 1191 eo
693 1166 808 1190 versae
828 1162 936 1191 erant
953 1155 1122 1191 omnium
1143 1168 1242 1192 curae
1261 1169 1268 1200 3
1315 1169 1427 1205 appa-

138 1209 331 1256 rebatque,
352 1220 426 1244 nec
445 1206 522 1243 veri
542 1205 674 1244 indicii
693 1207 852 1257 gratiam
882 1207 1059 1251 mediam,
1080 1219 1153 1244 nec
1174 1207 1256 1244 falsi
1275 1209 1426 1246 offensi-

138 1273 252 1298 onem
271 1260 362 1297 fore.
1438 1273 1473 1299 20

193 1366 283 1404 XV.
314 1365 374 1403 Ita
392 1365 585 1415 suspensis
603 1366 728 1410 rebus,
750 1366 922 1410 dictator,
954 1366 1099 1403 accitus
1118 1366 1165 1402 ab
1185 1366 1367 1409 exercitu,
1389 1365 1428 1403 in

140 1419 282 1457 Urbem
302 1419 417 1456 venit.
473 1418 628 1456 Postero
648 1419 709 1455 die
729 1426 863 1455 senatu
896 1419 1037 1462 habito,
1072 1431 1201 1467 quum,
1223 1419 1313 1455 satis
1332 1418 1428 1466 peri-

141 1472 291 1508 clitatus
311 1471 522 1509 voluntates
543 1471 750 1516 hominum,
786 1471 982 1507 discedere
1009 1480 1180 1507 senatum
1203 1471 1249 1507 ab
1268 1483 1307 1506 se
1328 1477 1429 1506 vetu-

141 1525 242 1570 isset,
263 1524 421 1573 stipatus
440 1525 484 1559 ea
514 1523 768 1566 multitudine,
798 1523 888 1559 sella
918 1524 956 1559 in
987 1523 1140 1560 comitio
1161 1523 1294 1571 posita,
1315 1523 1429 1559 viato-

141 1589 221 1613 rem
250 1577 295 1613 ad
327 1576 382 1613 M.
413 1575 599 1612 Manlium
630 1575 755 1620 misit3
802 1575 879 1623 qui,
908 1575 1101 1612 dictatoris
1125 1575 1233 1624 jussu
1263 1581 1475 1620 vocatuS,25

141 1641 255 1677 quum
277 1629 428 1677 signum
449 1627 527 1664 suis
547 1627 726 1670 dedisset,
748 1627 880 1663 adesse
901 1635 1109 1671 certamen,
1131 1627 1281 1676 agmine
1298 1627 1424 1675 ingen-

142 1682 170 1718 ti
199 1681 246 1717 ad
266 1680 431 1717 tribunal
452 1680 565 1716 venit.
624 1680 728 1716 Hinc
748 1686 915 1726 senatus,
936 1679 1026 1716 hinc
1046 1679 1165 1728 plebs,
1200 1692 1311 1715 suum
1330 1679 1431 1727 quis-

141 1746 214 1782 que
235 1733 428 1769 intuentes
457 1733 609 1775 ducem,
630 1732 730 1768 velut
750 1732 788 1768 in
818 1732 901 1768 acie
922 1732 1181 1768 constiterant.
1230 1731 1332 1767 Tum
1353 1731 1431 1767 dic-

142 1794 251 1832 tator‚
284 1785 434 1821 silentio
462 1784 575 1831 facto,
605 1784 838 1830 “Utinam,'’
859 1784 993 1832 inquit,
1025 1787 1049 1807 “-
1066 1783 1158 1820 mihi
1179 1783 1430 1830 Patribusque

143 1843 168 1862 ‘ss
182 1837 369 1875 Romanis
388 1836 440 1873 ita
455 1837 502 1873 de
522 1837 669 1873 caeteris
688 1837 801 1872 rebus
821 1849 909 1872 cum
939 1836 1048 1885 plebe
1069 1835 1282 1878 conveniat,
1304 1847 1430 1882 quem·
1443 1849 1476 1874 ³0

144 1890 386 1926 “admodum
419 1890 518 1937 quod
547 1889 594 1924 ad
631 1896 667 1925 te
696 1889 842 1936 attinet,
869 1901 1028 1936 eamque
1057 1899 1150 1930 rem,
1179 1899 1290 1935 quam
1319 1887 1365 1923 de
1394 1894 1430 1923 te

144 1946 169 1966 “
182 1955 262 1979 sum
284 1941 519 1990 quaesiturus,
541 1948 815 1977 conventurum
836 1940 926 1976 satis
945 1939 1107 1976 confido.
1159 1939 1274 1987 Spem
1293 1939 1431 1976 factam

145 1997 206 2031 “a
233 2001 270 2031 te
299 1993 440 2030 civitati
471 1993 592 2039 video,
621 1992 694 2028 fide
732 1991 925 2034 incolumi,
963 2003 1011 2027 ex
1048 1991 1232 2027 thesauris
1260 1991 1431 2037 Gallicis,

146 2050 277 2095 “quos
305 2045 487 2095 primores
515 2044 668 2082 Patrum
710 2043 916 2086 occultent,
964 2043 1152 2079 creditum
1181 2043 1271 2080 solvi
1310 2056 1430 2092 posse.

147 2102 171 2123 “
185 2099 259 2136 Cui
288 2110 358 2148 ego
386 2098 441 2134 rei
461 2097 612 2134 tantum
634 2097 739 2133 abest
759 2103 800 2132 ut
820 2095 1092 2143 impedimento
1111 2096 1193 2141 sim,
1214 2103 1265 2141 ut,
1286 2095 1478 2143 contra,35

146 2154 172 2174 “
185 2158 235 2198 te,
257 2150 309 2187 M.
332 2150 466 2193 Manli,
488 2150 675 2196 adhorter,
695 2149 831 2185 liberes
865 2148 1005 2184 foenore
1025 2147 1172 2196 plebem
1195 2148 1432 2193 Romanam;

148 2206 223 2240 “et
243 2203 344 2248 istos,
366 2202 592 2239 incubantes
619 2201 779 2250 publicis
812 2200 1010 2247 thesauris,
1041 2213 1089 2236 ex
1112 2201 1238 2249 prend-<i
1265 2200 1435 2237 clandes-

148 2255 264 2292 “tina
284 2254 442 2291 evolvas
498 2254 616 2293 Quod
649 2254 721 2290 nisi
756 2253 860 2297 sacis,
895 2253 972 2288 sive
997 2251 1096 2300 quod
1116 2260 1153 2289 et
1175 2253 1251 2301 ipse
1272 2253 1310 2289 in
1330 2259 1435 2301 parte

149 2311 173 2332 ‘⁶
187 2308 322 2357 praedae
355 2307 416 2352 sis,
446 2307 523 2343 sive
556 2307 644 2355 quia
672 2318 809 2342 vanum
840 2305 1023 2341 indicium
1053 2312 1122 2348 est,
1151 2305 1188 2341 in
1221 2305 1371 2341 vincula
1397 2312 1435 2341 te

150 2360 277 2396 “duci
292 2359 459 2409 jubeb03
505 2371 577 2395 nec
607 2358 748 2395 diutius
768 2357 886 2406 patiar
906 2370 928 2393 a
953 2364 989 2393 te
1010 2357 1290 2394 multitudinem
1312 2356 1481 2394 fallaciw

151 2415 254 2461 “spe
274 2412 468 2449 concitari.
474 2411 497 2427 '’
557 2411 616 2447 Ad
638 2424 683 2447 ea
704 2410 881 2455 Manlius,
912 2413 936 2432 ²⁴
953 2422 1026 2446 nec
1059 2422 1099 2445 se
1126 2409 1340 2452 fefellisse,'’
1371 2408 1435 2451 ait,

152 2469 177 2490 “
193 2477 268 2503 non
290 2465 467 2502 adversus
486 2463 645 2501 Volscos
664 2464 774 2501 toties
794 2463 932 2505 hostes,
967 2462 1113 2510 quoties
1134 2461 1307 2498 Patribus
1325 2471 1438 2509 expe-
