1617 2765
585 532 736 570 LIBRI
767 532 943 571 SECUN
946 532 1004 571 DI

181 666 278 699 CAP.
302 667 459 698 I—XIII.
482 667 614 698 XXIII.
638 668 765 699 XXIV.
790 668 1110 700 XXVII—XXXV.
1136 667 1300 698 XXXIX.
1324 666 1398 699 XL.

512 948 515 952 «
554 938 720 961 ΕΡῘΤΟΜΕ
738 940 843 961 LIBRI
861 940 1026 962 sECUNDt.

190 1021 213 1042 1.
238 1012 390 1043 anws
403 1012 607 1052 jurejurando
624 1014 776 1053 populum
791 1014 966 1050 adstrinxit,
993 1014 1155 1044 neminem
1173 1023 1302 1053 regnare
1325 1012 1437 1043 Romae

147 1062 314 1092 passuros:
340 1064 380 1084 11.
394 1054 600 1093 Tarquinium
616 1055 817 1092 Collatinum,
829 1056 983 1096 collegam
996 1066 1101 1091 suum,
1115 1061 1240 1095 propter
1252 1055 1437 1085 affinitatem

147 1095 387 1134 Tarquiniorum
405 1101 602 1135 suspectum,
615 1096 722 1138 coegit
736 1099 901 1128 consulatu
915 1108 949 1128 se
961 1099 1118 1133 abdicare,
1128 1102 1159 1127 et
1170 1098 1298 1127 civitate
1313 1098 1437 1127 cedere.

148 1146 181 1167 v.
205 1137 295 1168 Bona
311 1147 420 1178 regum
437 1138 525 1177 diripi
536 1138 652 1178 jussit:
677 1149 784 1179 agrum
802 1140 896 1170 Marti
910 1140 1120 1175 consecravit,
1135 1140 1186 1178 qui
1202 1139 1341 1178 Campus
1355 1139 1438 1168 Mar-

147 1180 209 1210 tius
220 1180 401 1209 nominatus
412 1184 461 1210 est
475 1190 482 1211 :
503 1181 725 1211 adolescentes
739 1182 874 1218 nobiles,
885 1182 916 1211 in
929 1182 1041 1220 quibus
1053 1191 1128 1218 suos
1142 1191 1268 1220 quoque
1282 1186 1314 1211 et
1327 1181 1439 1210 sororis

147 1220 242 1257 filios,
253 1221 325 1260 quia
338 1221 578 1261 conjuraverant
590 1224 629 1252 de
642 1224 828 1261 recipiendis
841 1224 977 1264 regibus,
989 1223 1090 1253 securi
1103 1224 1272 1262 percussit:
1287 1232 1378 1252 servo
1391 1223 1438 1251 in·

147 1263 221 1299 dici,
238 1264 289 1293 cui
305 1263 453 1293 Vindicio
465 1273 582 1293 nomen
600 1264 857 1300 fuit,libertatem
872 1266 958 1295 dedit
974 1276 982 1303 3
1000 1275 1039 1295 ex
1052 1265 1142 1304 cujus
1155 1265 1283 1294 nomine
1298 1264 1439 1294 vindicta

147 1310 196 1335 est
207 1305 372 1344 appellata.
397 1314 447 1334 Vl.
465 1305 571 1340 Quum
583 1307 734 1336 adversus
747 1316 849 1346 reges,
863 1307 928 1346 qui,
940 1306 1110 1337 contractis
1122 1306 1307 1345 Vejentium
1321 1310 1353 1336 et
1363 1305 1438 1335 Tar-

148 1347 361 1385 quiniensium
382 1346 493 1385 copiis,
514 1347 632 1378 bellum
655 1348 835 1384 intulerant,
859 1349 1035 1379 exercitum
1058 1348 1213 1383 duxisset,
1232 1348 1263 1377 in
1280 1348 1348 1377 acie
1362 1356 1437 1377 cum

146 1389 280 1424 Arunte,
297 1387 362 1418 filio
382 1388 527 1426 Superbi,
545 1394 763 1420 commortuus
780 1394 849 1420 est:
894 1400 960 1420 vu.
985 1391 1135 1429 Eumque
1153 1394 1301 1420 matronae
1319 1399 1438 1419 annum

146 1430 303 1460 luxerunt.
327 1439 406 1460 vm.
419 1430 455 1460 P.
467 1430 611 1461 Valerius
622 1432 733 1461 consul
743 1432 846 1471 legem
857 1433 895 1461 de
907 1432 1130 1471 provocatione
1144 1432 1181 1461 ad
1194 1432 1344 1470 populum
1357 1431 1437 1461 tulit.

146 1477 315 1509 Capitolium
328 1478 481 1503 dedicatum
492 1482 541 1503 est.
587 1482 634 1502 xx.
652 1483 684 1502 x.
709 1473 860 1508 Porsena,
878 1484 933 1503 rex
951 1474 1164 1508 Clusinorum,
1190 1473 1273 1502 bello
1291 1483 1344 1512 pro
1360 1474 1436 1502 Tar-

145 1515 260 1554 quiniis
271 1519 432 1554 suscepto,
444 1524 541 1554 quum
553 1515 591 1544 ad
603 1514 783 1544 Janiculum
792 1516 994 1550 venisset‚ne
1005 1515 1143 1544 Tiberim
1155 1515 1437 1550 transii-et,vi1·tute

144 1557 276 1587 Coclitis
291 1556 411 1587 Horatii
425 1557 598 1596 prohibitus
612 1560 672 1593 esu
690 1556 754 1594 qui,
768 1557 842 1586 dum
853 1557 903 1586 alii
917 1560 1047 1596 pontem
1059 1556 1226 1586 sublicium
1241 1556 1436 1591 rescindunt,

144 1598 231 1628 solus
245 1599 397 1628 Etruscos
410 1599 558 1629 sustinuit
572 1608 580 1635 3
597 1602 640 1633 et,
652 1602 748 1636 ponte
760 1602 862 1637 rupto,
874 1602 1009 1629 armatus
1022 1608 1056 1628 se
1068 1598 1098 1627 in
1110 1597 1231 1627 flumen
1243 1598 1339 1634 misit,
1352 1602 1384 1628 et
1397 1598 1436 1628 ad

145 1649 220 1670 suos
237 1641 381 1670 tranavit.
426 1650 488 1671 xn.
515 1640 655 1670 Alterum
677 1640 814 1670 accessit
831 1640 952 1670 virtutis
966 1640 1149 1679 exemplum
1174 1649 1191 1670 a
1208 1640 1318 1669 Mucio
1334 1650 1342 1677 3
1371 1640 1436 1678 qui,

146 1691 243 1720 quum
253 1682 289 1711 ad
300 1681 473 1712 feriendum
483 1681 654 1711 Porsenam
667 1685 768 1711 castra
778 1682 916 1711 hostium
928 1678 1088 1716 intrasset,
1098 1682 1205 1711 occiso
1215 1678 1331 1717 scriba,
1340 1691 1437 1720 quem

145 1733 252 1764 regem
267 1733 339 1753 esse
353 1724 493 1762 putabat,
510 1723 774 1762 comprehensus,
790 1723 971 1761 impositam
996 1724 1143 1753 altaribus
1160 1732 1301 1758 manum,
1318 1724 1349 1752 in
1368 1723 1436 1762 qui-

145 1765 204 1795 bus
215 1764 427 1796 sacrificatum
439 1769 516 1801 erat,
529 1765 617 1795 exuri
632 1774 741 1803 passus
752 1770 818 1800 est;
836 1765 990 1803 dixitque,
1004 1765 1082 1794 tales
1097 1768 1256 1794 trecentos
1273 1774 1344 1794 esse
1358 1774 1435 1794 con-

145 1805 264 1837 iuratos
282 1808 313 1837 in
330 1813 464 1838 mortem
478 1807 575 1846 ipsius
588 1807 692 1847 regis:
719 1816 850 1845 quorum
862 1807 1067 1836 admiratione
1081 1811 1212 1836 coactus
1227 1807 1367 1835 Porsena
1380 1816 1436 1844 pa-

144 1849 190 1878 cis
203 1849 403 1879 conditiones
414 1849 504 1883 serre,
517 1848 635 1878 bellum
650 1848 766 1883 omisit,
783 1849 923 1887 acceptis
940 1848 1102 1878 obsidibus
1117 1859 1124 1878 ι
1156 1858 1234 1878 x111.
1253 1848 1303 1878 Ex
1322 1848 1436 1886 quibus

144 1890 232 1932 virgo
245 1900 319 1926 una,
336 1891 461 1926 Cloelia,
478 1891 622 1928 deceptis
634 1891 831 1923 custodibus,
848 1899 903 1928 per
919 1890 1058 1920 Tiberim
1071 1890 1109 1920 ad
1124 1899 1198 1919 suos
1212 1890 1345 1920 tranavit
1359 1900 1367 1926 3
1392 1894 1435 1926 et,

145 1941 242 1971 quum
259 1933 379 1962 reddita
395 1937 492 1968 esset,
509 1942 525 1962 a
543 1928 685 1961 Porsena
697 1930 875 1962 honorifice
888 1932 1028 1966 remissa,
1046 1932 1185 1970 equestri
1198 1928 1303 1961 statua
1320 1932 1436 1961 donata

143 1978 203 2004 est.
247 1981 300 2012 Ap.
314 1981 445 2006 Claudius
459 1989 493 2007 ex
506 1980 615 2005 Sabinis
628 1980 741 2004 Romam
755 1980 916 2011 transfugit:
936 1981 969 2004 ob
980 1981 1030 2006 hoc
1038 1981 1153 2005 Claudia
1165 1981 1250 2005 tribus
1264 1980 1371 2012 adjecta
1383 1983 1435 2004 est.

143 2014 275 2041 Numerus
289 2016 405 2041 tribuum
416 2017 561 2048 ampliatus
573 2020 625 2047 est,
638 2020 668 2040 ut
679 2019 768 2040 essent
781 2016 877 2048 viginti
891 2024 952 2040 una.
990 2018 1129 2042 Adversus
1142 2016 1323 2048 Tarquinium
1336 2016 1437 2046 Super-

143 2047 215 2080 bum,
229 2057 289 2074 cum
310 2049 470 2074 Latinorum
487 2048 607 2073 exercitu
627 2049 724 2073 bellum
746 2048 916 2080 inserentem,
942 2049 978 2073 A.
1004 2049 1155 2074 Postumius
1178 2050 1292 2073 dictator
1312 2048 1435 2079 prospere

143 2088 275 2119 pugnavit
287 2089 358 2119 apud
372 2089 460 2114 lacum
474 2088 623 2120 Regillum.
660 2092 762 2117 xxiii,
780 2083 839 2113 Suc.
858 2083 964 2117 Plebs,
979 2093 1076 2122 quum
1089 2087 1213 2122 propter
1225 2092 1326 2112 nexos
1338 2082 1378 2111 ob
1390 2090 1434 2112 aes

144 2124 281 2154 alienum
298 2124 329 2154 in
347 2124 477 2155 Sacrum
496 2128 636 2155 montem
655 2125 854 2160 secessisset,
872 2125 1004 2155 consilio
1023 2126 1167 2155 Menenii
1184 2125 1330 2165 Agrippae
1348 2133 1364 2153 a
1381 2133 1433 2153 se-

145 2166 262 2196 ditione
279 2171 425 2197 revocata
441 2171 499 2197 est.
544 2171 619 2196 Idem
632 2171 763 2204 Agrippa,
776 2179 858 2203 quum
870 2171 1040 2203 decessisset,
1051 2176 1157 2203 propter
1170 2175 1357 2204 paupertatem
1370 2170 1435 2201 pub-

145 2209 197 2236 lico
211 2212 343 2244 impendio
354 2214 440 2239 elatus
452 2218 504 2238 est.
538 2220 665 2242 xxx111.
688 2211 817 2241 Tribuni
832 2211 932 2249 plebis
949 2211 1087 2250 quinque
1105 2211 1200 2240 creati
1217 2215 1301 2241 sunt.
1348 2213 1432 2244 Oppi-

144 2249 206 2274 dum
221 2249 377 2277 volscorum
390 2252 491 2277 Corioli
504 2256 613 2283 captum
626 2255 667 2276 est
679 2252 779 2277 virtute
792 2256 820 2276 et
833 2251 911 2282 opera
928 2252 959 2276 C.
981 2251 1086 2282 Marcii,
1103 2251 1148 2283 qui
1165 2252 1198 2276 ob
1211 2252 1259 2276 hoc
1273 2252 1434 2277 Coriolanus

145 2286 256 2307 vocotus
269 2287 318 2309 est.
353 2284 398 2309 Ti.
414 2285 532 2316 Atinius,
546 2285 585 2309 vir
597 2285 629 2309 de
640 2283 730 2316 plebe,
745 2293 826 2317 quum
840 2284 865 2308 in
879 2284 940 2309 visu
959 2284 1112 2309 admonitus
1130 2289 1211 2316 esset,
1231 2290 1262 2309 ut
1274 2286 1306 2309 de
1326 2285 1435 2316 quibus-

145 2315 205 2340 dam
220 2315 389 2346 religionibus
403 2318 435 2342 ad
445 2322 569 2342 senatum
579 2317 720 2349 perferret,
732 2322 759 2342 ot
772 2317 945 2349 neglexisset,
956 2317 1056 2342 amisso
1068 2317 1133 2348 filio,
1143 2317 1239 2342 debilis
1250 2318 1349 2348 sactus,
1363 2321 1434 2348 post-

145 2355 236 2380 quam,
249 2347 356 2372 delatus
369 2350 401 2373 ad
411 2354 534 2375 senatum
546 2350 655 2382 lectica,
669 2351 764 2375 eadem
776 2350 823 2375 iila
834 2350 1015 2381 indicaverat,
1029 2358 1077 2375 usu
1088 2350 1184 2381 pedum
1194 2355 1313 2382 recepto,
1326 2351 1433 2374 domum

146 2394 268 2411 reversus
283 2390 334 2412 est.
370 2392 484 2413 xxxix.
510 2394 565 2414 xL.
589 2384 695 2420 Quum
714 2384 752 2414 C.
770 2384 909 2414 Marcius
938 2384 1136 2419 CoriolanuS,
1162 2385 1214 2423 qui
1238 2386 1269 2414 in
1286 2384 1434 2414 exsilium

146 2429 211 2456 erat
227 2425 346 2464 pulsus,
363 2425 427 2454 dux
443 2424 630 2456 Volscorum
647 2425 758 2461 sactus,
772 2426 948 2457 exercitum
961 2426 1100 2456 hostium
1113 2426 1178 2455 urbi
1196 2426 1308 2456 Romae
1323 2425 1431 2454 admo-

145 2468 257 2503 visset,
273 2471 305 2497 et
321 2466 407 2497 missi
425 2466 463 2496 ad
479 2475 552 2495 eum
569 2465 705 2504 primum
724 2468 831 2507 legati,
857 2471 967 2506 postea
983 2468 1177 2502 sacerdote&
1194 2467 1303 2497 frustra
1320 2466 1431 2503 depre-

147 2508 209 2541 cati
224 2511 344 2545 essent,
361 2517 400 2539 ne
417 2507 534 2539 bellum
552 2509 657 2548 patriae
674 2508 821 2547 inferret3
859 2507 989 2540 Veturia
1005 2515 1104 2540 mater
1119 2512 1151 2540 et
1167 2508 1338 2539 Volumnia
1353 2515 1433 2538 uxor
