1617 2765
587 175 724 206 LIBER
747 176 808 205 111.
854 184 935 206 CAP.
953 185 1062 207 Lvur.
1374 180 1449 217 103

166 281 276 317 quam
297 269 427 306 urbem
446 269 727 316 egrederentur,
748 268 852 317 leges
871 269 1153 314 decemvirales,
1174 270 1310 317 quibus
1329 273 1351 293 ‘⁴
1370 272 1447 308 Ta-

166 321 300 357 “bulis
333 320 579 357 Duodecim’'
618 327 674 356 est
694 333 844 363 nomen,
883 320 921 356 in
953 333 1003 356 aes
1036 321 1188 362 incisas,
1222 322 1259 357 in
1293 324 1445 369 publico

166 380 448 420 proposuerunt.
506 372 614 417 Sunt,
648 372 710 420 qui
737 372 841 421 jussu
875 372 1111 409 tribunorum
1142 372 1269 408 aediles
1297 374 1446 412 functos

167 436 212 460 eo
231 423 437 460 ministerio
455 423 633 460 scribant.

137 543 154 567 5
218 526 366 564 LVIII.
409 527 454 564 C.
475 527 658 563 Claudius
678 527 772 577 (qui,
794 540 948 576 perosus
968 528 1266 564 decemvirorum
1287 528 1445 574 scelera,

165 584 202 614 et
222 586 308 616 ante
326 592 458 616 omnes
478 579 599 615 fratris
620 579 684 615 filii
705 580 889 627 superbiae
923 579 1095 626 infestus,
1126 580 1332 628 Regillum,
1353 582 1447 618 anti-

165 642 276 677 quam
297 631 334 668 iu
355 631 524 679 patriam,
545 643 585 667 se
605 631 851 681 contulerat),
885 631 916 667 is
944 643 1082 680 magno
1107 631 1183 680 jam
1204 642 1308 677 natu,
1328 645 1444 680 quum

165 682 211 718 ad
249 683 417 731 pericula
443 683 524 732 ejus
561 683 800 731 deprecanda
828 683 999 731 redisset,
1032 683 1140 731 cujus
1170 683 1259 719 vitia
1287 684 1445 733 fugerat,

165 735 376 771 sordidatus
413 748 499 771 cum
529 735 733 783 gentilibus
763 735 1038 783 clientibusque
1069 735 1106 771 in
1137 735 1214 772 foro
1243 736 1446 783 prensabat

124 801 153 825 10
167 785 361 835 singulos;
392 787 607 834 orabatque,
637 789 660 808 ‘⁶
677 786 738 823 Ne
760 787 929 823 Claudiae
949 787 1053 835 genti
1073 800 1156 823 earn
1186 787 1349 824 inustam
1369 801 1448 825 ma-

167 839 329 874 “culam
367 839 517 884 vellent,
556 845 595 875 ut
623 851 775 874 carcere
805 847 842 875 et
874 839 1035 875 vinculis
1068 839 1283 875 viderentur
1314 840 1445 889 digni:

165 889 189 910 “
204 891 336 933 virum,
357 891 652 927 honoratissimae
673 890 848 938 imaginis
869 891 1035 926 futurum
1055 891 1101 926 ad
1122 898 1301 939 posterOS,
1319 891 1445 940 legum

165 941 358 978 “latorem
379 942 685 989 conditoremque
706 942 872 978 Romani
897 942 1002 990 juris,
1035 943 1162 990 jacere
1196 943 1364 979 vinctum
1391 943 1447 979 in-

165 993 257 1030 “ter
278 993 377 1029 sures
397 1000 600 1029 nocturnos
620 1005 664 1029 ac
684 993 858 1029 latrones.
916 994 1142 1029 Averterent
1160 994 1207 1029 ab
1223 994 1278 1029 ira
1296 1007 1447 1042 parum-

123 1059 152 1083 15
165 1045 187 1065 “
202 1058 267 1094 per
300 1045 347 1081 ad
380 1045 636 1093 cognitionem
670 1045 1012 1094 cogitationemque
1041 1045 1211 1089 animos;
1258 1052 1296 1081 et
1324 1046 1447 1094 potius

165 1098 320 1134 “unum
356 1103 409 1133 tot
445 1096 616 1133 Claudiis
666 1097 959 1145 deprecantibus
1009 1097 1279 1142 condonarent,
1317 1098 1444 1145 quam,

165 1150 350 1198 “propter
388 1149 501 1185 unius
536 1149 679 1195 odium,
715 1149 917 1185 multorum
954 1162 1087 1198 preces
1116 1149 1444 1197 adspernarentur.

165 1203 254 1238 “Se
273 1214 418 1249 quoque
438 1201 476 1237 id
496 1201 626 1250 generi
646 1213 691 1237 ac
724 1201 868 1237 nomini
898 1202 1000 1244 dare,
1031 1214 1104 1237 nec
1134 1214 1222 1237 cum
1242 1214 1286 1237 eo
1306 1201 1344 1237 in
1364 1214 1446 1250 gra-

166 1254 293 1290 “tiam
330 1253 483 1297 redisse,
522 1253 631 1302 cujus
677 1253 842 1289 adversae
880 1253 1039 1289 fortunae
1085 1253 1174 1289 velit
1210 1265 1444 1290 succursum.

120 1307 189 1341 20“
205 1306 352 1342 Virtute
371 1305 580 1341 libertatem
614 1312 873 1353 recuperatam
903 1317 1012 1341 esse:
1060 1305 1260 1341 clementia
1290 1317 1447 1342 concor-

165 1358 303 1393 “diam
323 1357 497 1394 ordinum
531 1357 687 1393 stabiliri
721 1358 866 1405 posse.’'
924 1357 1043 1393 Erant
1075 1370 1167 1405 quos
1192 1363 1357 1393 moveret
1376 1357 1446 1394 sua

166 1410 287 1458 magis
306 1410 456 1458 pietate,
477 1408 590 1456 quam
620 1409 804 1457 ejus‚.pro
829 1422 901 1457 quo
922 1409 1070 1457 agebat,
1090 1410 1227 1445 causa:
1274 1409 1341 1444 sed
1361 1409 1447 1445 Vir-

164 1461 303 1510 ginius,
325 1464 350 1485 aa
366 1461 423 1496 sui
443 1460 564 1509 potius
584 1467 624 1496 ut
637 1460 941 1504 misererentur‚''
955 1461 1097 1503 orabat,
1119 1465 1142 1483 ⁶⁶
1156 1460 1316 1508 filiaeque
1335 1473 1343 1496 :
1372 1473 1445 1497 nec

164 1513 325 1562 “gentis
344 1512 514 1548 Claudiae
534 1524 693 1560 regnum
713 1512 752 1548 in
784 1513 932 1561 plebem
952 1512 1103 1555 sortitae‚
1131 1513 1196 1548 sed
1216 1513 1447 1549 necessario-

119 1568 188 1601 25“
204 1577 283 1601 rum
304 1563 487 1613 Virginiae
506 1570 543 1599 et
563 1564 674 1600 trium
708 1565 941 1600 tribunorum
973 1576 1105 1612 preces
1125 1564 1320 1608 audirent3
1366 1564 1443 1612 qui,

164 1619 188 1638 ‘⁶
202 1617 248 1652 ad
268 1615 448 1652 auxilium
468 1615 587 1663 plebis
606 1616 735 1658 creati,
757 1616 826 1664 ipsi
857 1616 977 1664 plebis
996 1616 1108 1652 fidem
1129 1623 1238 1664 atque
1259 1616 1443 1652 auxilium

166 1673 189 1692 aa
204 1668 480 1716 implorarent.'’
538 1667 722 1704 Justiores
742 1668 799 1703 hae
819 1668 994 1715 lacrymae
1013 1668 1236 1704 videbantur
1253 1681 1262 1711 3
1301 1668 1440 1715 itaque,

166 1732 231 1768 spe
265 1719 397 1762 incisa,
435 1719 651 1767 priusquam
688 1719 857 1767 prodicta
890 1720 971 1755 dies
1001 1720 1161 1764 adesset,
1198 1719 1343 1767 Appius
1375 1720 1445 1755 sibi

164 1778 322 1808 mortem
359 1771 552 1807 conscivit.
611 1771 781 1807 Subinde
819 1778 987 1818 arreptus
1018 1783 1039 1806 a
1071 1770 1110 1807 P.
1134 1770 1347 1806 Numitorio
1381 1772 1444 1819 Sp.

120 1835 152 1860 30
165 1823 325 1872 OppiuS,
345 1823 536 1871 proximus
557 1822 719 1868 invidiae,
740 1822 867 1870 quod
860 1835 897 1858 in
918 1822 1019 1858 Urbe
1041 1822 1173 1865 suerat,
1194 1835 1309 1870 quum
1329 1822 1446 1880 injus-

164 1883 211 1912 tae
231 1875 404 1911 vindiciae
425 1887 446 1910 a
465 1874 612 1923 collega
631 1874 858 1910 dicerentur.
916 1874 1004 1910 Plus
1037 1881 1163 1910 tamen
1190 1874 1317 1909 facta
1309 1874 1446 1922 injuria

164 1927 302 1976 Oppio,
321 1939 434 1975 quam
454 1939 530 1963 non
545 1926 749 1984 prohibita,
771 1926 921 1962 invidiae
942 1926 1053 1962 fecit:
1101 1926 1205 1964 testis
1225 1926 1444 1974 p1·,oductus

164 1979 240 2027 qui,
261 1986 404 2027 septem
424 1985 461 2015 et
479 1977 611 2027 viginti
631 1978 863 2014 enumeratis
896 1977 1107 2026 stipendiis,
1127 1977 1245 2013 octies
1264 1984 1371 2014 extra
1389 1991 1446 2014 or-

165 2031 293 2067 dinem
320 2031 493 2074 donatus,
531 2030 703 2077 donaque
740 2042 785 2066 ea
821 2042 958 2078 gerens
993 2030 1030 2065 in
1064 2036 1269 2077 conspectu
1304 2030 1444 2078 populi,

123 2083 282 2119 :ffiscissa
301 2089 402 2118 veste
435 2089 582 2131 tergum
615 2081 821 2118 laceratum
853 2082 964 2130 virgis
993 2081 1168 2126 ostendit,
1202 2081 1361 2117 nihilum
1382 2081 1446 2118 de-

165 2147 337 2183 precans,
371 2137 395 2157 ‘⁶
411 2134 515 2182 quin,
546 2133 576 2170 si
609 2146 721 2181 quam
755 2146 861 2169 suam
893 2146 1028 2170 noxam
1055 2146 1141 2169 reus
1161 2133 1287 2168 dicere
1308 2142 1443 2180 posset,

169 2186 368 2234 “privatus
400 2186 536 2223 iterum
569 2186 607 2222 in
641 2198 680 2221 se
714 2185 898 2222 saeviret.'’
955 2185 1102 2233 Oppius
1131 2197 1278 2232 quoque
1308 2185 1444 2221 ductus

168 2237 206 2274 in
244 2237 395 2274 vincula
430 2245 499 2281 est,
529 2244 567 2274 et
582 2245 668 2273 ante
703 2237 838 2286 judicii
871 2237 971 2273 diem
1004 2237 1118 2273 finem
1152 2237 1204 2272 ibi
1238 2237 1322 2273 vitae
1343 2236 1442 2273 fecit.

167 2289 274 2326 Bona
294 2289 443 2325 Claudii
463 2290 651 2338 Oppiique
672 2289 812 2326 tribuni
832 2289 1074 2338 publicavere
1093 2301 1100 2325 :
1139 2288 1293 2337 collegae
1313 2301 1443 2325 eorum

123 2354 154 2378 40
167 2340 288 2377 exsilii
322 2342 434 2376 causa
471 2342 589 2377 solum
618 2348 833 2378 verterunt:
888 2341 988 2377 bona
1015 2341 1206 2389 publicata
1242 2347 1339 2377 sunt.
1396 2340 1445 2376 Et

168 2393 222 2430 M.
244 2392 440 2435 Claudius,
462 2400 620 2429 assertor
640 2393 835 2441 Virginiae‚
857 2393 917 2429 die
937 2394 1037 2429 dicta
1057 2393 1269 2435 damnatus,
1291 2393 1370 2440 ipso
1389 2403 1445 2428 re-

169 2446 341 2482 mittente
377 2444 548 2492 Virginio
581 2444 748 2480 ultimam
782 2457 945 2494 poenam,
977 2445 1166 2491 dimissus,
1192 2444 1316 2480 Tibur
1335 2456 1445 2479 exsu-
