1617 2765
516 198 654 230 LIBER
677 198 738 228 111.
765 207 988 230 cAP.xxx111.
1351 199 1400 238 81

72 282 108 304 ‚7

75 297 100 322 0‘
176 294 353 333 XXXII.
398 310 402 312 ·
410 319 572 330 .....
603 292 688 329 Jam
710 293 899 329 redierant
918 292 1030 342 legati
1051 304 1138 329 cum
1155 292 1295 329 Atticis
1313 293 1404 343 legi-

75 340 214 391 'Ezbus
244 348 290 384 eo
309 345 495 383 intentius
514 345 705 382 instabant
717 345 868 390 tribuni,
887 352 926 381 ut
939 345 1092 381 tandem
1114 344 1402 382 scribendarum

83 400 247 449 {legum
267 398 416 435 initium
436 397 553 434 fieret.
610 397 740 434 Placet
769 397 887 433 creari
914 397 1147 433 decemviros
1173 397 1254 432 sine
1274 409 1405 445 provo-

57 466 99 494 ‘01
120 452 282 494 catione,
312 457 350 487 et
368 462 416 487 ne
435 450 518 498 quis
550 462 597 487 eo
629 462 729 486 anno
758 449 853 486 alius
883 449 1123 498 magistratus
1155 456 1266 484 esset.
1327 450 1404 486 Ad-

74 496 99 543 ἕξ.
119 504 419 540 miscerenturne
438 502 588 551 plebeji,
610 502 863 538 controversia
883 502 1114 550 aliquamdiu
1135 501 1229 537 fuit.
1263 508 1405 549 postre-

81 548 180 597 {mo
199 567 426 592 concessum
447 555 633 598 Patribus,
668 553 778 591 modo
811 567 859 590 ne
889 554 950 591 lex
983 554 1092 591 Icilia
1121 554 1168 590 de
1197 553 1404 598 Aventino,

73 588 276 656 fi'aliaeque
296 614 454 645 sacratae
474 607 591 657 legeS‚
613 607 894 656 abrogarentur.

172 712 375 750 XXXIII.
406 713 522 750 Anno
542 711 809 750 trecentesimo
829 712 957 760 altero,
977 713 1088 761 quam
1108 711 1262 748 condita
1282 711 1408 748 Roma

121 772 213 809 erat,
235 765 373 802 iterum
405 772 571 802 mutatur
601 765 719 802 forma
748 765 921 809 civitatis,
952 765 999 801 ab
1032 765 1252 801 consulibus
1279 765 1324 801 ad
1346 765 1408 801 de-

122 817 321 861 eemviros‚
341 818 659 867 quemadmodum
691 818 737 853 ab
757 817 909 866 regibus
929 817 1013 854 ante
1035 818 1082 854 ad
1102 817 1277 853 consules
1297 830 1408 853 vene-

121 878 190 913 rat,
211 870 392 907 translato
414 870 581 919 imperio.
639 869 774 906 Minas
795 870 967 919 insignis,
998 870 1085 917 quia
1118 882 1193 906 non
1211 869 1406 927 diuturna,

120 922 279 958 mutatio
307 922 402 959 suit:
449 922 534 958 laeta
562 922 664 958 enim
693 922 880 970 principia
919 923 1157 970 magistratus
1185 922 1266 970 ejus
1295 922 1408 957 nimis

119 973 384 1011 luxuriavere:
431 974 476 1010 eo
495 974 605 1010 citius
624 974 728 1022 lapsa
746 986 805 1009 res
824 981 903 1009 est·
894 1001 903 1017 ,
944 974 1229 1031 repetitumque,
1261 974 1409 1009 duobus

120 1025 176 1063 uti
195 1027 440 1062 mandaretur
459 1026 658 1062 consulum
688 1038 827 1062 nomen
849 1026 1133 1074 imperiumque.
1192 1025 1408 1061 Decemviri

120 1079 237 1115 creati
259 1079 333 1128 Ap.
356 1078 553 1122 Claudius,
581 1079 628 1115 T.
650 1078 860 1122 Genucius,
893 1078 933 1114 P.
955 1078 1115 1121 Sestius,
1147 1077 1190 1113 L.
1213 1077 1407 1121 Veturius,

121 1131 166 1167 C.
187 1131 326 1174 Julius,
349 1131 398 1167 A.
420 1130 601 1175 Manlius,
625 1131 706 1167 Ser.
729 1131 933 1179 Sulpicius,
968 1130 1008 1166 P.
1031 1130 1237 1176 Curiatius,
1258 1130 1307 1166 T.
1329 1130 1409 1166 Ro-

75 1199 100 1248 ἒ
75 1176 259 1227 '’“niilius‚
284 1184 348 1242 Sp.
369 1183 598 1220 Postumius
655 1183 817 1219 Claudio
837 1190 875 1220 et
901 1182 1089 1229 Genucio,
1109 1182 1197 1230 quia
1220 1160 1409 1231 designati

83 1235 328 1287 consules
319 1248 358 1272 in
378 1248 466 1272 eum
486 1248 628 1272 annum
650 1235 812 1281 fuerant,
831 1248 897 1284 pro
917 1236 1058 1272 honore
1080 1235 1198 1271 honos
1217 1235 1407 1279 redditus3

83 1271 101 1329 *Ξ
121 1295 158 1324 et
179 1288 315 1333 Sestio,
337 1288 444 1324 alteri
463 1288 662 1324 consulum
688 1288 821 1336 prioris
855 1287 957 1330 anni,
991 1287 1089 1335 quod
1120 1299 1203 1323 eam
1224 1299 1302 1322 rem
1333 1287 1409 1323 col-

76 1340 205 1407 glega
236 1340 353 1377 invito
381 1340 429 1376 ad
462 1340 592 1376 Patres
619 1339 806 1376 retulerat.
864 1339 937 1375 His
969 1339 1126 1388 proximi
1159 1339 1274 1375 habiti
1295 1338 1408 1387 legati

76 1391 210 1446 ⁰},tres
231 1392 295 1455 qui
317 1392 491 1429 Athenas
518 1392 661 1428 ierant:
710 1392 820 1428 simul
851 1400 891 1428 ut
919 1405 986 1440 pro
1018 1391 1205 1439 legatione
1227 1398 1301 1427 tam
1330 1391 1410 1428 lon-

84 1461 102 1488 5
84 1430 266 1495 ‘'ginqua
285 1445 439 1494 praemio
457 1451 556 1482 esset
575 1445 718 1481 honos·
710 1473 718 1489 ,
762 1444 873 1480 simul
892 1444 1030 1493 peritos
1050 1443 1174 1492 legum
1196 1443 1411 1492 peregrina-

122 1510 204 1534 rum
227 1498 273 1534 ad
294 1498 496 1534 condenda
524 1509 621 1534 nova
649 1497 734 1545 jura
763 1497 847 1533 usui
869 1497 946 1533 fore
975 1496 1193 1533 credebant.
1251 1496 1410 1544 Supple-

122 1562 208 1586 vere
229 1550 355 1586 caeteri
376 1561 590 1586 numerum.
646 1549 789 1585 Graves
808 1561 954 1597 quoque
986 1554 1093 1585 aetate
1128 1548 1268 1584 electos
1288 1548 1410 1584 novis-

78 1602 229 1638 essimis
266 1602 454 1650 suffragiis
483 1601 620 1647 ferunt,
649 1601 723 1649 quo
753 1601 876 1637 minus
913 1601 1086 1637 ferociter
1116 1600 1273 1637 aliorum
1303 1600 1408 1636 scitis

127 1654 425 1690 adversarentur.
482 1654 673 1702 Regimen
695 1654 807 1690 totius
827 1653 1069 1702 magistratus
1101 1665 1218 1700 penes
1238 1652 1408 1701 Appium

125 1713 205 1742 erat
225 1706 348 1742 favore
368 1706 509 1754 plebis·
553 1705 720 1753 adeoque
744 1719 881 1741 novum
913 1705 1012 1741 sibi
1004 1705 1199 1753 ingenium
1221 1704 1408 1747 induerat,

127 1765 167 1794 ut
187 1758 373 1807 plebicola
392 1758 559 1816 repente,
579 1758 776 1815 omnisque
797 1770 896 1794 auroe
916 1757 1105 1806 popularis
1125 1763 1305 1804 captator,
1326 1769 1411 1792 eva-

126 1811 245 1857 deret,
282 1823 349 1859 pro
378 1811 475 1847 truci
513 1822 685 1858 saevoque
716 1810 941 1846 insectatore
970 1809 1101 1858 plebis,
1158 1809 1320 1845 Decimo
1348 1808 1410 1845 die

81 1863 183 1912 30J'us
202 1862 338 1912 populo
358 1863 496 1912 singuli
516 1862 726 1899 reddebant
743 1875 750 1898 ε
791 1875 835 1899 eo
865 1862 926 1898 die
945 1874 1063 1911 penes
1081 1861 1328 1910 praefectum
1318 1861 1411 1910 Juris

126 1915 248 1952 fasces
267 1915 471 1952 duodecim
491 1922 623 1951 erant:
667 1915 822 1963 collegis
851 1927 986 1950 novem
1018 1914 1156 1963 singuli
1177 1914 1330 1949 accensi
1351 1925 1412 1962 ap-

125 1968 334 2026 parebant.
364 1975 401 2004 et
421 1968 459 2004 in
482 1967 592 2004 unica
613 1967 816 2003 concordia
845 1967 942 2003 inter
962 1967 1061 2015 ipsos
1092 1966 1172 2016 (qui
1202 1978 1412 2002 consensus

126 2020 278 2069 privatis
297 2020 487 2057 interdurn
507 2019 650 2056 inutilis
679 2020 796 2070 esset)
824 2032 971 2055 summa
991 2019 1169 2055 adversus
1189 2018 1281 2055 alios
1301 2018 1413 2066 aequi-

127 2081 183 2109 tas
202 2079 293 2109 erat.
352 2072 622 2109 Moderationis
641 2084 772 2108 eorum
801 2078 1066 2120 argumentum
1096 2071 1270 2120 exemplo
1298 2070 1412 2107 unius

83 2125 181 2161 a5rei
210 2126 359 2162 notasse
388 2125 478 2162 satis
506 2124 586 2162 erit.
643 2123 777 2163 Quum
808 2124 890 2160 sine
918 2124 1181 2173 provocatione
1211 2123 1327 2159 creati
1356 2135 1413 2160 es-

128 2183 225 2223 sent,
245 2177 395 2215 defosso
414 2178 598 2214 cadavere
629 2177 729 2213 domi
751 2177 849 2226 apud
871 2176 911 2213 P.
934 2177 1113 2219 Sestium,
1135 2176 1301 2234 patriciae
1321 2187 1414 2224 gen-

129 2229 176 2265 tis
205 2229 338 2273 virum,
368 2230 532 2275 invento,
562 2229 777 2278 prolatoque
817 2230 855 2266 in
889 2229 1128 2272 concionem,
1169 2228 1207 2264 in
1236 2241 1276 2265 re
1307 2228 1413 2277 Juxta

129 2280 330 2318 manifesta
349 2290 459 2331 atque
479 2282 610 2325 atroci,
631 2281 676 2318 C.
698 2282 823 2319 Julius
838 2282 1030 2318 decemvir
1046 2282 1145 2318 diem
1164 2281 1290 2317 Sestio
1306 2281 1412 2323 dixu,

129 2341 167 2370 et
186 2341 383 2370 accusator
404 2335 450 2370 ad
469 2334 648 2383 populum
679 2335 833 2381 exstitit,
867 2334 975 2383 cujus
1007 2334 1060 2370 rei
1087 2334 1204 2383 judex
1224 2333 1414 2382 legitimus

85 2392 117 2418 ⁴0
129 2393 234 2423 erat:
264 2386 500 2434 decessitque
517 2387 600 2435 J'ure
627 2400 707 2434 suo,
740 2394 780 2424 ut
813 2388 1007 2437 demptum
1042 2387 1089 2424 de
1122 2387 1157 2423 vi
1177 2385 1414 2435 magistratus

129 2438 255 2490 populi
275 2438 437 2476 libertati
459 2439 650 2489 adjiceret,

79 807 107 832 10

77 1067 107 1093 15
