1617 2765
170 201 223 240 88
695 201 787 233 T1T1
811 201 923 232 mvn

171 296 337 334 “omnia
354 304 487 346 praeter
508 296 648 333 bellum
667 297 787 333 omitti
809 297 957 345 placere
976 309 983 333 :
1023 297 1132 346 cujus
1151 296 1180 333 si
1202 295 1295 333 falso
1317 296 1454 335 famam

172 349 196 370 “
212 350 412 399 vulgatam,
435 361 602 397 vanaque
624 361 698 385 non
721 349 873 385 nuntios
892 348 1027 392 solum,
1059 350 1125 385 sed
1147 349 1454 387 Tusculanorum

170 402 322 439 “etiam
342 402 499 450 legatos,
520 401 686 437 attulisse
707 408 849 449 putent,
871 401 1125 449 speculatores
1144 402 1346 438 mittendos
1367 414 1456 438 cen-

171 455 196 476 “
210 467 306 501 sere,
325 455 387 502 qui
409 453 551 490 certius
583 453 774 502 explorata
806 453 980 489 referant.
1038 454 1107 490 Sin
1137 453 1230 490 fides
1256 461 1293 490 et
1312 454 1456 491 nuntiis

171 507 245 543 “et
264 507 398 556 legatis
432 506 626 548 habeatur,
659 505 847 541 delectum
869 505 988 554 primo
1016 518 1161 554 quoque
1191 514 1358 554 tempore
1392 507 1456 542 ha·
1484 512 1502 537 5

171 560 314 604 “beri3
362 557 610 600 decemviros,
648 557 720 606 quo
740 558 876 605 cuique
896 570 1026 594 eorum
1056 559 1237 604 videatur,
1268 558 1457 595 exercitus

170 612 372 657 “ducere;
403 623 475 647 nec
495 622 572 647 rem
594 610 704 646 aliam
720 610 930 659 praeverti.”

223 716 331 754 XLI.
379 716 425 753 In
447 716 546 752 hanc
579 715 805 752 sententiam
839 722 880 752 ut
901 715 1172 762 discederetur,
1190 715 1358 764 juniores
1389 716 1458 753 Pa-

171 777 268 807 trum
290 769 529 805 evincebant.
587 767 808 804 Ferociores
827 767 962 803 iterum
983 768 1100 804 coorti
1130 768 1305 804 Valerius
1337 769 1458 806 Hora-

170 822 319 870 tiusque
339 820 549 862 vociferari,
583 821 603 841 ’ζ
621 828 660 856 ut
680 820 726 855 de
747 819 941 868 republica
961 820 1093 856 liceret
1112 820 1261 856 dicere:
1292 820 1458 857 dicturos
1474 830 1503 855 10

169 875 254 911 “ad
275 873 467 922 populum,
488 872 518 908 si
539 872 577 908 in
598 880 731 908 senatu
751 885 816 920 per
837 871 1039 908 factionem
1060 885 1136 909 non
1156 872 1292 910 liceat:
1335 885 1458 921 neque

170 927 311 963 “enim
331 926 401 962 sibi
422 925 596 974 privatos,
617 932 680 961 aut
701 925 739 961 in
760 925 864 961 curia
885 932 948 960 aut
979 924 1015 960 in
1047 924 1245 970 concione,
1267 938 1375 974 posse
1394 926 1459 962 ob-

170 983 196 1003 “
210 987 330 1023 stare;
362 990 484 1025 neque
505 990 544 1013 se
565 977 798 1026 imaginariis
819 976 984 1012 fascibus
1004 989 1132 1013 eorum
1150 989 1323 1014 cessuros
1335 978 1455 1014 esse.⁷'

171 1032 277 1069 Tum
298 1030 457 1079 Appius,
475 1029 552 1078 jam
573 1029 684 1078 prope}
705 1041 788 1065 esse
812 1037 927 1075 ratu5‚
962 1036 1014 1075 ut,
1049 1029 1086 1065 ni
1121 1029 1306 1066 violentiae
1326 1043 1457 1067 eorum

170 1084 250 1133 pari
280 1083 516 1119 resisteretur
554 1082 726 1127 audacia,
764 1081 905 1117 victum
935 1081 1134 1129 imperium
1174 1090 1285 1127 esset,
1329 1083 1456 1119 “Non
1473 1092 1502 1116 15

170 1136 278 1172 “erit
315 1134 488 1179 melius,”
527 1134 660 1181 inquit,
695 1138 717 1157 ‘⁶
734 1133 804 1169 nisi
841 1134 887 1169 de
925 1146 998 1181 quo
1035 1133 1281 1179 consulimus,
1326 1147 1456 1172 vocem

171 1188 357 1225 “misisse
375 1187 416 1223 :''
464 1193 501 1222 et
521 1186 566 1221 ad
591 1186 795 1231 Valerium,
817 1193 1019 1233 negantem
1053 1198 1092 1221 se
1122 1185 1264 1233 privato
1284 1187 1456 1231 reticere,

170 1241 340 1277 lictorem
363 1238 546 1275 accedere
562 1237 683 1286 jussit.
741 1237 826 1274 Jam
854 1237 1066 1276 Quiritium
1100 1237 1212 1273 fidem
1234 1238 1457 1286 implorante

171 1292 325 1330 Valerio
351 1304 373 1327 a
402 1290 518 1327 curioe
550 1290 694 1333 limine,
730 1289 771 1326 L.
804 1290 1006 1326 Cornelius
1035 1289 1255 1337 complexus
1275 1291 1455 1339 Appium,

171 1358 248 1382 non
268 1344 331 1381 cui
351 1343 551 1380 simulabat
571 1342 816 1387 consulendo,
844 1342 994 1378 diremit
1026 1349 1218 1378 certamen
1236 1355 1244 1378 :
1285 1343 1457 1391 factaque
1475 1352 1507 1376 20

173 1411 237 1447 per
258 1396 479 1433 Cornelium
499 1394 652 1431 Valerio
671 1394 824 1430 dicendi
858 1394 988 1443 gratia,
1022 1407 1103 1442 qnae
1123 1395 1245 1440 vellet,
1279 1408 1396 1443 quum
1416 1396 1458 1432 li-

172 1451 298 1487 bertas
327 1462 403 1486 non
436 1448 533 1484 ultra
561 1460 692 1484 vocem
723 1447 958 1493 excessisset,
991 1447 1196 1484 decemviri
1226 1448 1457 1496 propositum

171 1503 342 1539 tenuere.
399 1500 628 1538 Consulares
647 1512 793 1548 quoque
813 1512 858 1536 ac
878 1499 1058 1542 seniores,
1087 1499 1133 1536 ab
1167 1500 1320 1536 residuo
1340 1500 1458 1537 tribu-

172 1555 283 1591 niciae
314 1553 507 1603 potestatis
536 1553 634 1598 odio,
668 1552 776 1601 cujus
795 1551 1024 1588 desiderium
1045 1551 1143 1600 plebi
1174 1551 1290 1588 multo
1319 1552 1456 1598 acrius,

171 1607 284 1656 quam
322 1605 532 1642 consularis
569 1604 728 1652 imperii,
765 1604 943 1640 rebantur
980 1616 1078 1650 esse,
1107 1604 1219 1652 prope
1256 1604 1510 1650 malebant‚25

171 1659 368 1708 postmodo
389 1658 488 1706 ipsos
506 1656 740 1693 decemviros
759 1656 949 1692 voluntate
969 1656 1072 1692 abire
1093 1656 1326 1705 magistratu,
1347 1656 1458 1704 quam

172 1711 315 1748 invidia
343 1722 474 1747 eorum
506 1721 709 1757 exsurgere
746 1721 874 1744 rursus
911 1708 1086 1756 plebem:
1133 1709 1163 1745 si
1193 1708 1328 1745 leniter
1366 1709 1460 1745 duc-

171 1771 210 1800 ta
248 1776 308 1799 res
346 1762 427 1799 sine
464 1761 634 1810 populari
681 1761 838 1809 strepitu
883 1761 929 1796 ad
967 1761 1142 1797 consules
1179 1761 1349 1807 redisset,
1396 1768 1461 1797 aut

172 1816 281 1852 bellis
317 1814 559 1863 interpositis,
598 1821 662 1850 aut
698 1813 955 1849 moderatione
988 1813 1186 1850 consulum
1223 1813 1261 1849 in
1294 1813 1460 1862 imperiis

171 1867 410 1913 exercendis,
447 1879 556 1914 posse
599 1865 637 1901 in
673 1865 899 1902 oblivionem
938 1865 1172 1901 tribunorum
1209 1865 1358 1913 plebem
1397 1865 1505 1901 ad-30

171 1920 272 1956 duci.
331 1918 492 1955 Silentio
529 1917 682 1953 Patrum
715 1917 878 1953 edicitur
907 1917 1102 1953 delectus:
1142 1917 1322 1966 juniores,
1343 1930 1460 1965 quum

172 1972 254 2008 sine
283 1970 548 2020 provocatione
579 1969 777 2018 imperium
812 1976 921 2013 esset,
957 1969 1003 2004 ad
1034 1969 1189 2005 nomina
1218 1970 1458 2018 respondent.

172 2024 407 2073 Legionibus
467 2021 628 2070 scriptis,
679 2021 775 2057 inter
830 2033 869 2057 se
923 2021 1128 2057 decemviri
1175 2022 1458 2070 comparabant,

172 2089 264 2125 quos
302 2076 355 2113 ire
393 2076 440 2112 ad
477 2074 629 2117 bellum,
673 2086 766 2122 quos
801 2085 961 2122 praeesse
994 2073 1223 2110 exercitibus
1259 2081 1459 2122 oporteret.

172 2128 371 2177 Principes
402 2128 498 2165 inter
527 2126 762 2163 decemviros
791 2132 898 2162 erant
926 2125 979 2164 Q.
1002 2125 1143 2162 Fabius
1172 2133 1210 2162 et
1241 2127 1314 2174 Ap.
1347 2126 1460 2163 Clau·
1472 2137 1507 2163 35

173 2181 284 2217 dius:
316 2181 456 2217 bellurn
485 2179 587 2216 domi
621 2178 754 2227 majus,
785 2179 902 2226 quam
937 2177 1036 2223 foris,
1071 2178 1285 2227 apparebat.
1343 2178 1458 2227 Appii

174 2233 391 2270 violentiam
413 2232 593 2280 aptiorem
614 2231 684 2267 rati
717 2231 764 2267 ad
798 2230 1103 2278 comprimendos
1128 2231 1292 2267 urbanos
1313 2239 1458 2268 motus:

173 2286 212 2322 in
233 2285 353 2322 Fabio
374 2283 497 2321 minus
517 2284 554 2320 in
576 2283 675 2320 bono
704 2290 894 2329 constans,
923 2283 1036 2330 quam
1066 2295 1203 2319 navum
1235 2283 1273 2320 in
1304 2283 1458 2326 malitia,

173 2337 370 2387 ingenium
391 2349 473 2373 esse
492 2349 499 2373 :
531 2336 633 2372 hunc
652 2335 754 2372 enim
774 2335 906 2381 virum,
933 2335 1128 2383 egregium
1153 2335 1243 2372 olim
1263 2336 1363 2372 domi
1394 2336 1461 2372 mi-

173 2390 349 2439 litiaeque‚
371 2388 647 2426 decemviratus
666 2387 895 2436 collegaeque
916 2387 967 2423 ita
994 2395 1239 2432 mutaverant,
1261 2395 1302 2425 ut
1330 2388 1458 2436 Appii,
1474 2399 1506 2424 40

173 2442 285 2491 quam
323 2442 394 2488 sui,
432 2440 565 2477 similis
602 2440 729 2476 mallet
765 2452 859 2476 esse.
932 2439 1034 2476 IIuic
1065 2440 1204 2476 bellum
1234 2441 1272 2477 in
1293 2440 1459 2483 Sabinis,

175 2495 307 2533 Manio
327 2493 517 2543 Rabulejo
548 2499 585 2530 et
609 2492 660 2532 Q.
683 2492 840 2529 Poetelio
860 2492 997 2530 additis
1029 2492 1197 2542 collegis,
1228 2492 1459 2529 mandatum.
