1638 2765
603 199 740 230 LIBER
764 199 789 229 Ι.
818 208 898 230 CAP.
917 208 966 229 11.
1371 200 1416 237 11

142 297 318 341 fuerunt3
339 296 472 339 donec,
492 294 628 331 tradito
648 293 765 330 servis
783 293 944 342 publicis
964 292 1109 329 solenni
1126 291 1276 328 familiae
1293 292 1421 330 minis-

141 350 247 392 terio,
260 361 382 397 genus
393 359 505 384 omne
520 346 738 382 Potitiorum
756 346 908 382 interiit.
947 345 1043 381 Haec
1059 352 1138 381 tum
1155 357 1261 380 sacra
1274 344 1419 381 Romu-

141 401 199 437 lus
218 413 294 436 una
312 413 360 436 ex
377 399 553 436 omnibus
571 398 771 446 peregrina
790 397 978 446 suscepit3
1004 397 1083 445 jam
1103 404 1182 432 tum
1201 396 1419 434 immortali-

141 452 230 489 tatis
251 452 384 488 virtute
403 459 531 500 partae,
553 450 600 486 ad
626 463 738 498 quam
758 462 846 486 eum
875 462 944 486 sua
963 449 1039 485 fata
1057 449 1263 492 ducebant,
1285 448 1417 486 fautor.

83 565 128 596 ,5
193 555 307 593 VIII.
336 555 471 592 Rebus
500 554 637 590 divinis
664 554 733 590 rite
764 553 997 602 perpetratis,
1027 553 1235 601 vocataque
1254 553 1300 589 ad
1331 566 1417 590 con-

141 608 270 644 cilium
292 607 546 650 multitudine,
567 619 649 654 quae
670 606 883 643 coalescere
913 606 951 642 in
984 605 1111 654 populi
1142 605 1255 641 unius
1285 618 1421 654 corpus

141 660 246 696 nulla
265 673 318 706 re,
338 666 584 708 praeterquam
614 658 774 707 legibus,
794 665 951 706 poterat,
977 658 1063 707 jura
1094 657 1224 701 dedit3
1254 670 1336 705 quae
1370 658 1422 694 ita

142 719 274 748 sancta
305 711 436 760 generi
466 711 662 747 hominum
695 710 833 759 agresti
854 710 930 747 fore
964 717 1077 755 ratus,
1099 709 1130 746 si
1149 722 1189 746 se
1210 709 1288 758 ipse
1309 722 1422 746 vene-

141 764 298 800 rabilem
318 763 531 812 insignibus
551 763 697 811 imperii
727 763 889 807 fecisset,
910 775 1024 810 quum
1056 769 1192 799 caetero
1221 762 1351 798 habitu
1382 775 1422 799 se

100 830 130 855 10
144 816 410 863 augustiorem,
426 822 504 851 tum
524 815 684 850 maxim&
701 815 896 851 lictoribus
911 815 1112 850 duodecim
1130 814 1301 863 sumptis,
1319 814 1420 851 fecit.

144 868 222 904 Alii
252 868 298 903 ab
331 880 489 904 numero
519 867 656 909 avium,
676 879 758 914 quae
786 866 942 915 augurio
961 879 1120 915 regnum
1141 867 1420 915 portenderant,

143 932 229 955 eum
262 926 434 955 secutum
464 931 666 954 numerum
698 925 854 966 putant:
885 931 945 954 me
976 919 1076 954 haud
1102 918 1259 966 poenitet
1291 931 1421 955 eorum

143 971 339 1007 sententiae
358 982 455 1016 esse,
474 970 610 1017 quibus
628 978 666 1006 et
686 970 913 1018 apparitores
932 977 970 1006 et
989 970 1061 1005 hoc
1079 982 1201 1018 genus
1227 970 1274 1006 ab
1294 970 1423 1007 Etrus-

142 1022 198 1059 cis
216 1022 396 1065 finifimis,
417 1022 518 1058 unde
538 1022 630 1057 sella
657 1022 812 1065 curulis,
833 1022 934 1057 unde
961 1029 1047 1070 toga
1065 1029 1245 1070 praetexta
1274 1030 1424 1071 sumpta

99 1089 130 1114 15
143 1082 209 1120 est,
231 1087 429 1111 numerum
449 1086 595 1122 quoque
616 1074 738 1122 ipsum
767 1074 924 1110 ductum
943 1074 1088 1122 placet3
1118 1081 1156 1110 et
1176 1074 1226 1111 ita
1246 1075 1422 1111 habuisse

143 1127 338 1173 Etruscos,
354 1126 467 1174 quod,
481 1139 527 1162 ex
544 1126 744 1162 duodecim
758 1126 904 1176 populis
917 1126 1167 1162 co’mmuniter
1180 1134 1306 1163 creato
1320 1140 1422 1176 rege,

143 1179 310 1228 singulos
329 1179 467 1227 singuli
488 1178 614 1227 populi
632 1179 784 1215 lictores
804 1179 991 1215 dederint.
1048 1178 1255 1215 Crescebat
1271 1179 1422 1216 interim

142 1231 242 1276 urbs,
263 1231 535 1267 munitionibus
555 1231 628 1266 alia
646 1238 756 1279 atque
787 1231 860 1267 alia
889 1231 1100 1279 appetendo
1129 1231 1225 1275 loca,
1245 1244 1361 1280 quum
1382 1232 1422 1268 in

142 1295 248 1332 spem
267 1283 388 1332 magis
408 1283 540 1319 futurae
560 1283 822 1329 multitudinis,
843 1283 954 1331 quam
971 1284 1017 1319 ad
1037 1283 1073 1319 id
1090 1284 1188 1331 quod
1204 1291 1283 1320 tum
1305 1284 1423 1320 homi-

98 1347 130 1373 20
143 1347 234 1371 num
263 1343 355 1382 erat,
385 1335 588 1372 munirent.
662 1335 825 1380 Deinde,
859 1348 907 1371 ne
945 1348 1041 1372 vana
1069 1335 1172 1372 urbis
1202 1336 1423 1385 magnitudo

144 1394 256 1433 esset,
272 1387 496 1436 adjiciendae
517 1387 769 1424 multitudinis
788 1387 916 1430 causa,
937 1394 1062 1424 vetere
1082 1388 1240 1424 consilio
1256 1389 1423 1425 conden-

143 1439 237 1474 tium
258 1439 379 1484 urbes,
400 1439 475 1487 qui,
495 1439 693 1475 obscuram
715 1446 826 1487 atque
845 1439 1029 1475 humilem
1059 1440 1272 1476 conciendo
1301 1441 1348 1476 ad
1382 1453 1422 1477 se

143 1490 438 1536 multitudinem,
467 1498 595 1526 natam
628 1503 649 1526 e
679 1491 779 1526 terra
811 1491 882 1527 sibi
914 1491 1056 1539 prolem
1094 1492 1422 1536 ementiebantur;

142 1542 281 1589 locum,
300 1542 364 1590 qui
383 1555 487 1578 nunc
509 1549 636 1591 septus
666 1543 987 1579 descendentibus
1021 1543 1126 1580 Inter
1157 1543 1263 1580 Duos
1296 1544 1424 1581 Lucos

97 1601 211 1637 25est,
232 1595 391 1643 Asylum
410 1595 550 1643 aperit:
578 1593 625 1631 eo
644 1607 692 1631 ex
716 1594 886 1631 finitimis
904 1595 1050 1643 populis
1070 1596 1179 1632 turba
1197 1596 1321 1633 omnis
1340 1597 1423 1633 sine

142 1646 373 1692 discrimine,
393 1647 486 1683 liber
506 1659 554 1683 an
573 1660 702 1683 servus
721 1654 833 1690 esset,
854 1647 964 1683 avida
982 1660 1163 1684 novarum
1195 1661 1320 1685 rerum
1341 1662 1424 1697 per-

142 1697 237 1747 fugit
254 1711 262 1735 :
295 1698 407 1747 idque
426 1699 587 1748 primum
608 1699 653 1735 ad
670 1706 833 1748 coeptam
853 1699 1154 1748 magnitudinem
1174 1701 1320 1737 roboris
1340 1701 1420 1738 fuit.

141 1749 274 1790 Quum
299 1751 377 1800 jam
397 1752 531 1787 virium
552 1752 652 1788 haud
672 1752 886 1800 poeniteret,
907 1752 1106 1788 consilium
1127 1753 1266 1789 deinde
1283 1754 1423 1790 viribus

141 1810 268 1852 parat:
298 1810 454 1840 centum
473 1811 577 1840 creat
605 1811 823 1847 senatores;
853 1803 930 1840 sive
959 1805 1046 1852 quia
1076 1804 1107 1840 is
1135 1817 1315 1841 numerus
1334 1806 1424 1842 satis

97 1863 244 1899 werat3
274 1856 353 1892 sive
372 1856 459 1904 quia
478 1856 547 1893 soli
567 1864 721 1892 centum
741 1863 860 1899 erant,
881 1856 943 1904 qui
964 1857 1083 1909 creari
1106 1857 1236 1893 Patres
1257 1865 1423 1906 possent.

141 1906 272 1944 Patres
291 1908 394 1945 certe
411 1908 458 1945 ab
474 1909 628 1955 honore,
641 1908 862 1958 patriciique
875 1909 1074 1958 progenies
1090 1921 1219 1946 eorum
1236 1910 1422 1959 appellati.

196 2011 270 2049 IX.
299 2012 384 2050 Jam
405 2026 465 2050 res
483 2013 661 2050 Romana
680 2012 774 2049 adeo
792 2019 872 2050 erat
903 2013 1038 2057 valida,
1059 2021 1100 2050 ut
1128 2014 1285 2051 cuilibet
1313 2014 1426 2051 finiti-

143 2076 290 2101 marum
310 2066 516 2102 civitatium
548 2065 646 2102 bello
673 2078 741 2114 par
760 2072 882 2110 esset;
913 2067 990 2112 sed,
1020 2067 1179 2115 penuria
1208 2067 1424 2111 mulierum,

143 2116 305 2154 hominis
334 2125 483 2154 aetatem
512 2118 692 2154 duratura
723 2118 945 2166 magnitudo
981 2126 1081 2163 erat3
1120 2119 1257 2167 quippe
1287 2119 1424 2167 quibus

99 2178 215 2205 35nec
243 2170 345 2207 domi
373 2183 458 2219 spes
486 2170 612 2219 prolis,
642 2183 715 2206 nec
745 2182 831 2206 cum
866 2170 1035 2207 finitimis
1064 2172 1257 2207 connubia
1285 2179 1425 2208 essent.

145 2219 247 2257 Tum
267 2234 315 2258 ex
333 2222 492 2259 consilio
511 2222 664 2259 Patrum
681 2222 871 2259 Romulus
887 2223 1030 2271 legatos
1045 2223 1149 2259 circa
1173 2224 1318 2260 vicinas
1333 2236 1426 2273 gen-

145 2278 202 2308 tes
221 2273 334 2319 misit,
352 2275 415 2322 qui
438 2275 657 2312 societatem
689 2275 998 2323 connubiumque
1031 2288 1127 2312 novo
1157 2276 1293 2324 populo
1324 2284 1427 2324 pete-

144 2331 251 2361 rent:
281 2325 441 2363 “Urbes
468 2340 628 2376 quoque,
649 2334 691 2363 ut
719 2334 869 2373 caetera,
889 2339 936 2363 ex
965 2327 1094 2364 infimo
1114 2328 1243 2365 nasci:
1273 2328 1423 2374 deinde,

146 2382 170 2398 “
186 2389 279 2424 quas
294 2389 363 2413 sua
377 2378 491 2415 virtus
506 2392 551 2416 ac
567 2379 630 2415 Diri
647 2379 790 2428 juvent,
807 2392 965 2428 magnas
979 2393 1070 2428 opes
1085 2381 1156 2416 sibi
1169 2392 1424 2430 magnumque

99 2437 132 2463 4ο
146 2433 170 2451 “
187 2441 325 2465 nomen
347 2429 482 2466 facere.
539 2432 639 2468 Satis
670 2431 779 2476 scire,
799 2431 936 2480 origini
966 2432 1153 2469 Romanae
1172 2440 1210 2469 et
1229 2433 1332 2469 Deos
1361 2431 1426 2467 ad-

146 2485 170 2503 “
188 2480 315 2525 fuisse,
336 2489 373 2518 et
392 2494 469 2518 non
490 2482 702 2520 defuturam
723 2484 921 2520 virtutem:
941 2484 1098 2533 proinde
1116 2497 1162 2521 ne
1181 2491 1425 2533 gravarentur
