1617 2765
769 226 844 264 165

498 510 648 548 LIBRI
678 509 926 547 VICESIMI
956 509 1116 547 PRIMI

466 636 562 668 CAP.
586 636 649 667 1—
659 636 787 667 XVIII.
825 635 960 667 XXXII
973 654 1014 660 -—
1027 636 1149 668 XLVI.

491 884 657 905 EPITOME
683 883 789 904 LIBRI
815 883 984 905 vicl-:SIMI
1011 883 1129 904 PR1M1.

210 958 237 993 1,
255 958 316 989 stc.
333 958 371 989 ΙΝ
389 958 509 988 Italiam
526 958 599 987 belli
617 957 729 987 Punici
743 957 875 987 secundi
892 961 977 987 ortus
993 962 1149 994 narratum
1165 967 1197 993 v,
1215 957 1274 988 Sto.
1303 958 1346 988 Et
1363 957 1453 988 Han-

166 999 279 1030 nibalis
310 999 482 1029 Poenorum
510 999 612 1034 ducis,
639 1003 748 1028 contra
771 999 883 1034 foeduS‚
900 1008 954 1035 per
977 999 1105 1028 Iberum
1129 1008 1255 1028 amnem
1280 1000 1452 1037 transitus3

165 1050 239 1072 xxv.
262 1041 291 1070 A
307 1050 369 1080 quo
388 1040 577 1080 Saguntum,
593 1040 751 1069 sociorum
768 1039 874 1078 populi
892 1039 1029 1069 Romani
1043 1040 1165 1076 civitas,
1179 1043 1321 1075 obsessa,
1338 1045 1452 1071 octavo

166 1091 278 1113 mense
302 1089 392 1122 capta
415 1086 474 1112 est.
519 1091 627 1111 xvrlr.
666 1081 715 1111 De
733 1082 845 1120 quibus
861 1081 980 1121 injuriis
1007 1081 1093 1111 missi
1120 1082 1214 1122 legati
1232 1082 1270 1111 ad
1289 1082 1451 1123 Carthagi·

166 1125 308 1160 nienses,
325 1125 378 1163 qui
394 1128 619 1163 quererentur:
651 1133 746 1162 quum
764 1122 943 1153 satisfacere
960 1123 1092 1158 nollent,
1109 1123 1225 1153 bellum
1243 1124 1279 1153 iis
1295 1124 1450 1154 indictum

167 1171 228 1197 est.
250 1172 400 1205 Hannibal,
420 1176 548 1204 superato
560 1171 684 1204 Pyrenaeo
696 1172 778 1203 saltu,
788 1179 835 1203 per
845 1171 961 1203 Gallius,
974 1171 1039 1196 susis
1050 1171 1156 1203 Volcis,
1165 1171 1211 1204 qui
1221 1171 1352 1197 obsistere
1364 1173 1455 1199 conati

166 1215 255 1244 erant,
271 1210 310 1239 ad
326 1209 423 1248 Alpes
439 1208 527 1238 venit
541 1217 548 1244 ς
573 1216 701 1242 xxxxu,
719 1208 779 1238 διο.
819 1207 861 1237 Et
877 1207 1031 1236 laborioso
1048 1217 1102 1246 per
1118 1217 1171 1237 eas
1188 1208 1319 1237 transitu
1339 1209 1456 1246 (quum

168 1255 338 1281 montanos
355 1259 481 1290 quoque
498 1248 606 1278 Gallos
622 1249 733 1279 obvios
749 1249 867 1288 aliquot
894 1249 1008 1287 proeliis
1026 1249 1204 1287 repulisset)
1234 1249 1400 1278 descendit
1422 1249 1455 1278 in

170 1292 306 1327 Italiam,
323 1297 355 1322 et
371 1293 409 1322 ad
425 1291 572 1321 Ticinum
590 1300 715 1320 amnem
739 1291 901 1320 Romanos
920 1291 1057 1328 equestri
1084 1291 1192 1329 prcelio
1209 1289 1307 1320 fudit:
1346 1291 1377 1319 in
1391 1299 1454 1328 quo

169 1334 368 1364 vulneratum
387 1334 423 1363 P.
441 1332 622 1363 Cornelium
642 1331 825 1370 Scipionem
850 1331 986 1370 protexit
1002 1330 1097 1367 filius,
1122 1332 1174 1370 qui
1194 1331 1327 1361 Africani
1344 1337 1457 1369 postea

169 1385 289 1405 nomen
305 1376 440 1414 accepit.
484 1377 638 1410 Iterumque
652 1378 776 1403 exercitu
793 1377 915 1402 Romano
933 1378 966 1402 ad
984 1377 1082 1402 flumen
1095 1377 1223 1402 Trebiam
1237 1377 1306 1408 fuso,
1320 1376 1457 1402 Hannibal

168 1415 342 1453 Affipenninum
363 1422 478 1453 quoque,
496 1423 546 1452 per
557 1423 679 1448 magnam
692 1416 807 1440 militum
815 1415 985 1440 vexationem
996 1419 1101 1446 propter
1111 1415 1164 1440 vim
1175 1419 1376 1452 tempestatum,
1386 1419 1458 1452 tran-

168 1453 225 1474 ent.
255 1449 307 1474 Cn.
321 1448 463 1473 Cornelius
473 1448 566 1479 Scipio
578 1449 605 1473 in
616 1448 748 1479 Hispania
760 1453 852 1473 contra
866 1448 956 1473 Poenos
969 1448 1092 1479 prospere
1106 1453 1245 1480 pugnavit,
1258 1449 1326 1473 duce
1339 1448 1457 1473 hostium

170 1481 283 1516 Magone
295 1484 385 1514 capto.
455 1480 539 1516 [Car.
553 1489 563 1507 ι
574 1494 606 1501 --
616 1488 707 1507 uui.
734 1488 764 1508 υ.
778 1489 806 1507 c.
816 1481 971 1507 534—585.
1007 1489 1036 1505 A.
1048 1488 1076 1505 c.
1088 1480 1257 1515 als—2174

224 1634 256 1671 Ι.
301 1634 350 1672 ΙΝ
370 1641 474 1684 parte
492 1634 616 1682 operis
648 1633 723 1670 mei
757 1633 846 1670 licet
865 1633 957 1670 mihi
983 1633 1142 1683 praefari,
1171 1633 1270 1681 quod
1290 1633 1328 1670 in
1357 1633 1459 1682 prin-

171 1686 273 1735 cipio
292 1699 450 1723 summae
468 1686 582 1723 totius
601 1685 758 1734 professi
778 1686 945 1734 plerique
979 1693 1067 1723 sunt
1096 1698 1221 1723 rerum
1243 1686 1458 1734 scriptores,

171 1739 312 1775 bellurn
345 1737 509 1775 maxime
546 1738 716 1775 omnium
754 1738 1010 1783 memorabile,
1044 1750 1127 1786 quae
1156 1750 1323 1786 unquam
1352 1745 1460 1786 gesta

171 1791 258 1836 sint,
279 1803 340 1827 me
359 1791 612 1839 scripturum3
655 1790 767 1838 quod,
792 1789 1008 1825 Hannibale
1028 1791 1140 1836 duce,
1168 1789 1460 1837 Carthaginien-

126 1851 142 1875 5
171 1855 231 1879 ses
263 1856 351 1879 curn
385 1843 522 1891 populo
554 1842 732 1878 Romano
762 1842 924 1890 gessere.
981 1842 1082 1878 Nam
1116 1854 1239 1889 neque
1259 1842 1460 1878 validiores

170 1895 304 1944 opibus
325 1895 409 1931 ullae
437 1895 535 1931 inter
566 1907 606 1930 se
634 1894 806 1930 civitates
833 1901 1040 1942 gentesque
1070 1893 1314 1931 contulerunt
1342 1906 1458 1937 arma,

171 1960 294 1995 neque
315 1947 372 1984 his
393 1947 482 1996 ipsis
508 1954 653 1983 tantum
688 1958 853 1993 unquam
883 1946 1015 1982 virium
1037 1955 1101 1983 aut
1119 1946 1262 1983 roboris
1282 1946 1376 1982 fuit:
1423 1952 1461 1983 et

173 2000 274 2036 haud
294 1999 441 2048 ignotas
461 1999 548 2035 belli
567 2005 666 2035 artes
686 1998 782 2034 inter
802 2011 855 2044 se,
890 1999 955 2034 sed
976 2009 1152 2047 expertas
1173 1998 1292 2047 primo
1314 1998 1461 2035 Punico

173 2052 424 2088 conserebant
443 2051 566 2088 bello:
616 2058 654 2087 et
690 2049 784 2086 adeo
813 2050 915 2086 varia
951 2051 1038 2088 belli
1068 2051 1217 2088 fortuna
1246 2062 1460 2099 ancepsque

132 2111 160 2136 10
176 2104 280 2140 Mars
300 2104 379 2148 fuit,
400 2111 440 2140 ut
458 2102 608 2152 propius
639 2102 849 2151 periculum
871 2102 1022 2146 fuerint,
1044 2104 1106 2152 qui
1128 2103 1311 2140 vicerunt.
1368 2102 1462 2140 Odi·

175 2156 207 2192 is
226 2156 339 2192 etiam
358 2155 474 2205 prope
505 2155 707 2204 majoribus
738 2156 942 2201 certarunt,
974 2156 1085 2204 quam
1106 2155 1272 2192 viribus:
1320 2155 1463 2192 Roma·-

176 2207 234 2244 nis
271 2208 570 2257 indignantibus,
616 2206 714 2256 quod
762 2207 966 2244 victoribus
1005 2208 1091 2245 victi
1137 2208 1233 2245 ultro
1279 2208 1463 2245 inferrent

177 2272 304 2304 arma3
333 2260 473 2302 Poenis,
493 2258 591 2308 quod
611 2260 770 2308 superbe
791 2260 974 2308 avareque
994 2261 1193 2297 crederent
1210 2260 1462 2309 imperitatum

178 2312 286 2349 victis
305 2324 399 2349 esse.
456 2312 575 2348 Fama
594 2311 707 2348 etiam
727 2321 796 2356 est,
833 2313 1103 2356 Hannibalem,
1139 2325 1325 2349 annorum
1347 2313 1462 2349 ferme

135 2374 165 2398 15
179 2377 326 2411 novem,
346 2364 537 2413 pueriliter
557 2364 812 2402 blandientem
834 2365 929 2414 patri
950 2365 1173 2411 Hamilcari,
1199 2373 1240 2402 ut
1259 2365 1463 2402 duceretur

179 2417 218 2454 in
252 2417 492 2466 Hispaniam,
523 2429 651 2464 quum,
673 2417 841 2466 perfecto
871 2417 1004 2454 Africo
1037 2417 1147 2460 bello,
1178 2418 1386 2454 exercitum
1416 2414 1463 2452 eo

179 2468 405 2519 trajecturus
425 2469 666 2512 sacrificaret,
685 2469 863 2506 altaribus
879 2470 1085 2516 admotum,
1106 2470 1215 2506 tactis
1231 2469 1348 2505 sacris
1364 2468 1464 2516 jure-

178 2522 340 2573 jurando
359 2522 551 2569 adactum,
570 2533 623 2569 se,
643 2533 758 2569 quum
778 2521 938 2570 primum
972 2532 1108 2571 posset,
1139 2522 1283 2558 hostem
1305 2520 1380 2557 fore
1401 2532 1465 2569 po-
