1617 2765
148 215 224 252 166
667 215 759 247 ΤῙΤῙ
781 215 892 247 L1V11

148 308 238 358 pulo
275 308 461 347 Romano.
531 309 738 359 Angebant
775 309 939 357 ingentis
968 308 1116 358 spiritns
1145 308 1261 346 virum
1293 307 1424 346 Sicilia

150 361 399 410 Sardiniaque
419 362 589 399 amissae:
632 375 718 399 nam
739 370 776 398 et
796 362 964 398 Siciliam
986 362 1098 397 nimis
1117 361 1230 397 celeri
1251 361 1424 408 despera-

148 413 250 450 tione
270 426 394 450 rerum
415 426 647 459 concessam,¹
668 421 705 450 et
726 413 953 455 Sardiniam,
987 413 1081 449 inter
1107 420 1246 449 motum
1270 412 1423 456 Africae,

149 464 280 502 fraude
311 466 583 511 Romanorum,
617 466 802 514 stipendio
831 465 942 501 etiam
975 465 1126 513 insuper
1155 465 1339 513 imposito,
1371 465 1427 501 in-

148 524 365 566 terceptam.
1455 524 1472 550 5

202 621 254 658 ΙΙ.
294 621 367 658 His
387 621 520 658 anxius
535 622 636 658 curis
655 622 707 658 ita
725 634 765 658 se
788 621 918 658 Africo
937 621 1048 667 bello,
1067 621 1165 669 quod
1186 620 1255 656 suit
1274 619 1343 656 sub
1372 632 1427 656 re-

147 681 299 710 centem
332 674 548 710 Romanam
576 686 721 722 pacem,
760 686 825 722 per
860 673 1024 721 quinque
1045 686 1175 716 annos,
1205 674 1256 709 ita
1288 672 1426 708 deinde

147 738 282 762 novem
303 725 412 762 annis
444 726 481 761 in
515 725 702 774 Hispania
731 725 906 773 augendo
936 725 1081 761 Punico
1101 724 1256 772 imperio
1283 724 1426 772 gessit3

148 784 189 813 ut
209 784 413 825 appareret,
434 777 555 826 majus
574 789 675 820 eum,
695 776 810 824 quam
830 776 927 824 quod
947 783 1107 824 gereret,
1129 776 1270 824 agitare
1291 776 1329 811 in
1351 776 1428 811 ani-

147 841 209 865 mo
230 828 392 865 bellum:
434 836 485 875 et,
505 828 535 864 si
555 829 695 865 diutius
714 828 878 874 vixisset,
911 827 1130 863 Hamilcare
1160 828 1257 863 duce
1291 827 1429 863 Poenos
1447 836 1474 861 10

148 893 252 917 arma
284 880 403 917 Italiae
436 881 602 917 illaturos
635 880 762 926 fuisse,
795 892 878 928 quae
909 879 1136 916 Hannibalis
1159 879 1275 915 ductu
1295 879 1429 916 intule-

147 939 245 969 runt.
302 932 406 969 Mors
426 932 654 969 Hamilcaris
672 939 959 981 peropportuna,
988 939 1025 967 et
1056 931 1216 980 pueritia
1236 931 1431 968 Hanniba-

147 984 206 1027 lis,
228 984 455 1022 distulerunt
474 984 626 1021 bellum.
683 985 836 1021 Medius
870 983 1083 1020 Hasdrubal
1115 984 1211 1020 inter
1230 991 1371 1032 patrem
1392 992 1430 1021 et

148 1036 266 1073 filium
287 1044 373 1073 octo
393 1036 509 1073 ferme
530 1049 649 1073 annos
669 1036 868 1084 imperium
889 1035 1050 1072 obtinuit
1062 1048 1070 1080 3
1101 1034 1189 1072 flore
1210 1036 1328 1071 aetatis
1356 1035 1427 1083 (uti

148 1088 290 1139 ferunt)
312 1088 434 1137 primo
456 1088 665 1125 Hamilcari
685 1088 932 1124 conciliatus:
979 1100 1096 1145 gener
1129 1087 1217 1123 inde
1247 1087 1295 1124 ob
1315 1087 1426 1124 altam
1446 1096 1474 1120 15

147 1140 312 1177 indolem
334 1148 509 1188 provecto
529 1140 639 1176 annis
658 1140 844 1184 adscitus;
874 1147 924 1186 et,
943 1140 1031 1188 quia
1048 1151 1165 1188 gener
1185 1146 1276 1182 erat,
1299 1139 1428 1176 sactio-

148 1192 207 1228 nis
225 1192 397 1228 Barcinae
415 1192 562 1240 opibus,
582 1205 663 1240 quae
684 1192 781 1240 apud
803 1191 939 1227 milites
972 1191 1199 1249 plebemque
1212 1190 1294 1239 plus
1313 1204 1427 1248 quam

149 1245 307 1280 modicae
326 1251 446 1289 erant,
468 1244 567 1280 haud
588 1257 677 1280 sane
711 1243 900 1280 voluntate
934 1243 1161 1291 principum,
1191 1243 1347 1291 imperio
1365 1256 1429 1291 po-

149 1296 249 1333 titus.
306 1295 358 1342 Is,
377 1296 484 1344 plura
502 1295 660 1332 consilio
677 1308 788 1344 quam
806 1295 839 1331 vi
859 1307 1008 1344 gerens,
1028 1294 1196 1343 hospitiis
1214 1295 1428 1353 regulorum

150 1348 283 1397 magis,
305 1326 627 1395 conciliandisque
656 1360 721 1396 per
751 1347 955 1384 amicitiam
981 1347 1192 1395 principum
1214 1347 1319 1384 novis
1338 1360 1429 1405 gen·
1442 1355 1474 1380 20

148 1401 261 1443 tibus,
282 1412 392 1449 quam
422 1399 520 1437 bello
549 1407 612 1436 aut
648 1399 773 1443 armis,
810 1412 889 1436 rem
923 1399 1276 1449 Carthaginiensem
1315 1400 1428 1437 auxit.

149 1452 337 1489 Caeterum
356 1452 475 1489 nihilo
494 1452 529 1489 ei
548 1465 619 1501 pax
639 1452 751 1490 tutior
771 1452 864 1489 fuit:
894 1452 1074 1490 barbarus
1093 1464 1178 1489 eum
1198 1452 1350 1500 quidam
1366 1464 1429 1502 pa-

148 1504 237 1550 lam,
251 1505 323 1542 ob
315 1517 407 1542 iram
421 1504 608 1542 interfecti
622 1505 668 1541 ab
683 1517 728 1541 eo
740 1504 896 1550 domini,
909 1503 1164 1546 obtruncavit3
1185 1504 1429 1551 comprehen-

148 1570 286 1605 susque
307 1557 353 1593 ab
373 1556 714 1602 circumstantibus,
736 1556 836 1592 haud
851 1555 922 1592 alio
937 1556 1046 1604 quam
1065 1555 1094 1591 si
1111 1555 1289 1591 evasisset
1309 1555 1428 1601 vultu,

149 1609 344 1647 tormentis
363 1621 508 1657 quoque
528 1621 642 1657 quum
674 1608 915 1650 laceraretur,
946 1620 991 1644 eo
1021 1607 1089 1644 fuit
1109 1607 1238 1643 habitu
1257 1607 1345 1652 oris,
1374 1614 1427 1650 ut,
1441 1616 1474 1640 25

151 1668 350 1709 superante
371 1661 501 1697 laetitia
520 1660 677 1703 dolores,
695 1660 852 1697 ridentis
883 1659 997 1696 etiam
1031 1659 1195 1708 speciem
1216 1658 1427 1706 praebuerit.

150 1713 248 1750 Cum
270 1713 342 1750 hoc
363 1712 615 1759 Hasdrubale,
635 1712 722 1760 quia
754 1712 858 1749 mirae
893 1711 981 1749 artis
1015 1711 1052 1748 in
1073 1710 1318 1747 sollicitandis
1337 1723 1428 1759 gen-

148 1765 262 1808 tibus,
297 1764 525 1813 imperioque
551 1764 757 1814 jungendis
787 1776 854 1800 suo
885 1763 1019 1809 suerat,
1040 1763 1160 1799 foedus
1189 1769 1429 1799 renovaverat

149 1817 309 1866 populus
338 1817 551 1862 Romanus,
589 1823 629 1853 ut
658 1816 743 1854 finis
775 1816 968 1874 utriusque
1001 1815 1146 1863 imperii
1177 1821 1275 1850 esset
1306 1814 1428 1850 amnis

150 1869 294 1914 Iberus,
317 1869 626 1917 Saguntinisque,
645 1868 779 1906 mediis
808 1868 906 1905 inter
925 1867 1082 1916 imperia
1100 1866 1259 1903 duorum
1278 1865 1429 1915 populo·
1441 1878 1473 1904 :³0

149 1932 245 1964 rum,
265 1920 417 1957 libertas
436 1927 655 1957 servaretur.

202 2024 277 2061 III.
308 2025 352 2062 In
375 2022 623 2061 Hasdrubalis
642 2024 780 2067 locum,
801 2023 901 2060 haud
918 2023 1033 2060 dubia
1052 2036 1111 2060 res
1128 2022 1208 2066 fuit,
1228 2023 1317 2071 quin
1337 2036 1429 2072 proe-

148 2078 352 2126 rogativam
387 2077 599 2123 militarem,
635 2076 710 2124 qua
746 2076 933 2124 extemplo
967 2075 1116 2124 juvenis
1157 2075 1348 2112 Hannibal
1389 2076 1427 2112 in

147 2130 361 2178 praetorium
391 2129 550 2172 delatus,
581 2129 854 2176 imperatorque
885 2128 1028 2177 ingenti
1058 2128 1225 2164 omnium
1264 2128 1428 2164 clamore

149 2188 258 2229 atque
279 2194 434 2217 assensu
453 2181 659 2229 appellatus
678 2191 767 2225 erat,
804 2180 903 2216 favor
932 2181 1044 2217 etiam
1063 2180 1182 2228 plebis
1199 2187 1426 2228 sequeretur.
1441 2194 1472 2219 :35

149 2232 267 2270 Hunc
287 2233 438 2269 vixdum
459 2233 637 2281 puberem
660 2232 873 2268 Hasdrubal
907 2232 1022 2268 literis
1056 2233 1101 2268 ad
1122 2245 1160 2268 se
1182 2233 1426 2268 arcessierat:

148 2291 306 2334 actaque
326 2297 384 2321 res
412 2285 524 2321 etiam
545 2285 583 2321 in
610 2291 742 2320 senatu
774 2283 906 2331 fuerat,
941 2284 1115 2320 Barcinis
1145 2285 1366 2327 nitentibus,
1389 2291 1427 2320 ut

149 2348 384 2374 assuesceret
403 2337 544 2373 militiae
568 2336 773 2382 Hannibal,
804 2343 913 2384 atque
943 2335 980 2372 in
1012 2345 1186 2385 paternas
1205 2337 1427 2372 succederet

147 2401 250 2438 opes,
307 2389 460 2431 Hanno,
481 2388 634 2424 alterius
654 2388 826 2424 factionis
849 2389 1036 2437 princeps,
1066 2392 1088 2410 ‘⁶
1107 2388 1157 2425 Et
1176 2401 1322 2436 aequum
1342 2400 1426 2435 pos-

148 2443 172 2463 “
186 2441 304 2478 tulare
325 2441 507 2485 videtur,’'
547 2440 681 2488 inquit,
719 2440 969 2476 “Hasdrubal
989 2454 997 2484 ;
1040 2448 1078 2477 et
1103 2453 1174 2489 ego
1203 2447 1328 2476 tamen
1349 2452 1424 2476 non
1441 2455 1472 2479 40

148 2496 172 2517 “
185 2506 336 2538 censeo,
357 2493 455 2543 quod
475 2492 579 2542 petit,
600 2492 878 2529 tribuendum.'’
934 2491 1068 2532 Quum
1085 2492 1330 2530 admiratione
1350 2498 1426 2529 tam
