1617 2765
582 187 718 219 LIBER
744 186 804 217 IX.
832 195 912 217 CAP.
931 196 1033 217 xvnr,
1392 190 1466 226 159

186 286 231 324 C.
253 285 438 323 Marcium
462 282 649 328 Rutilum,
683 281 727 318 C.
750 280 973 329 Sulpicium,
1004 280 1053 316 T.
1075 280 1262 316 Manlium
1297 281 1466 330 Torqua-

186 346 277 383 tum,
297 337 350 376 Q.
371 336 572 372 Publilium
587 334 797 376 Philonem,
820 334 861 369 L.
886 333 1075 381 Papirium
1092 334 1308 375 Cursorem,
1324 334 1377 372 Q.
1396 334 1466 371 Fa-

185 390 288 426 bium
309 388 529 430 Maximum,
550 387 644 423 duos
665 386 815 431 Decios
836 385 879 421 L.
902 385 1162 427 Volumnium,
1194 385 1368 421 Manium
1391 386 1466 422 Cu-

184 442 291 478 rium.
348 440 541 488 Deinceps
571 439 744 487 ingentes
773 444 982 485 sequuntur
1017 437 1096 480 viri,
1127 437 1157 473 si
1180 437 1365 473 Punicum
1390 438 1467 474 Ro-

155 506 296 530 smano
314 492 562 542 praevertisset
590 491 741 536 bellum,
773 490 972 538 seniorque
1005 490 1043 526 in
1076 490 1223 526 ltaliam
1245 489 1465 538 trajecisset.

184 546 330 582 Horum
361 545 398 582 in
427 544 593 592 quolibet
612 550 690 579 tum
711 542 857 578 indoles
885 543 1031 587 eadem,
1066 555 1148 590 (μω)
1184 542 1222 578 in
1245 542 1468 579 Alexandro

183 605 275 640 erat,
297 596 411 634 animi
433 596 675 645 ingeniique3
722 601 802 631 tum
833 594 1033 642 disciplina
1067 594 1249 637 militaris,
1281 594 1357 643 jam
1379 595 1467 631 inde

183 650 230 686 ab
251 649 366 686 initiis
386 649 497 686 Urbis
516 648 650 684 tradita
670 659 736 696 per
756 659 903 689 manuS‚
926 647 962 683 in
987 647 1075 683 artis
1095 647 1284 695 perpetuis
1305 660 1468 696 praecep-

182 702 229 738 tis
247 702 428 738 ordinatae
449 701 602 737 modum
625 706 787 736 venerat.
846 699 904 735 Ita
924 712 1031 748 reges
1051 706 1246 748 gesserant
1266 699 1386 743 bella3
1418 700 1468 736 ita

141 766 170 791 10
183 754 321 790 deinde
350 761 547 790 exactores
568 765 698 801 regum
718 751 824 787 Junii
843 751 1059 799 Valeriique
1078 764 1087 795 3
1128 751 1179 788 ita
1198 752 1380 800 deinceps
1399 752 1470 788 Fa-

185 806 249 850 bii,
269 806 435 852 Quium,
466 805 657 848 Cornelii3
706 804 757 840 ita
786 804 924 840 Furius
944 804 1138 849 Camillus,
1173 817 1282 852 quem
1309 804 1469 853 juvenes

184 858 223 904 ii,
243 859 467 906 quibuscum
490 857 708 894 Alexandro
727 856 987 892 dimicandum
1017 864 1109 899 erat,
1136 869 1265 892 senem
1287 857 1467 894 viderant.

184 909 365 946 Militaria
382 922 496 958 opera
515 909 718 958 pugnando
750 909 905 945 obeunti
936 908 1156 945 Alexandro
1190 908 1295 958 (nam
1315 922 1360 945 ea
1380 923 1469 958 quo-

182 973 254 1010 que
275 963 375 998 haud
395 962 526 998 minus
553 962 696 997 clarum
727 973 813 996 eum
835 960 996 1010 faciunt)
1019 961 1195 997 cessisset
1225 961 1400 998 videlicet
1430 962 1467 999 in

140 1026 170 1050 15
183 1014 264 1050 acie
284 1014 429 1051 oblatus
457 1026 523 1062 par
553 1013 722 1049 Manlius
751 1012 978 1060 Torquatus,
1011 1019 1074 1048 aut
1103 1013 1278 1049 Valerius
1308 1013 1466 1057 Corvus,

182 1066 351 1115 insignes
370 1066 455 1102 ante
476 1066 627 1108 milites,
648 1066 763 1113 quam
785 1065 903 1100 duces
921 1066 934 1100 ‘l
965 1065 1168 1101 cessissent
1180 1064 1304 1109 Decii,
1326 1066 1468 1103 devotis

182 1119 401 1168 corporibus
430 1119 466 1155 in
497 1119 640 1155 hostem
680 1118 861 1154 ruentes?
907 1117 1082 1153 cessisset
1112 1117 1283 1166 Papirius
1312 1118 1467 1162 Cursor,

182 1171 245 1208 illo
265 1171 430 1220 corporis
450 1171 594 1213 robore,
616 1170 678 1206 illo
698 1170 843 1206 animi?
875 1170 998 1206 victus
1017 1177 1114 1206 esset
1135 1170 1303 1206 consiliis
1319 1171 1468 1219 juvenis

184 1223 309 1270 unius,
330 1236 377 1260 ne
397 1223 565 1272 singulos
584 1222 791 1266 nominem,
825 1229 978 1258 senatus
997 1222 1070 1267 ille,
1091 1235 1203 1270 quem
1223 1223 1287 1270 qui
1306 1235 1353 1259 ex
1372 1224 1469 1272 regi-

138 1287 170 1312 20
184 1275 253 1312 bus
282 1282 454 1312 constare
493 1276 599 1318 dixit,
632 1288 729 1311 unus
759 1287 883 1311 veram
918 1275 1084 1323 speciem
1119 1274 1288 1311 Romani
1319 1277 1469 1312 senatus

182 1328 314 1376 cepit?
371 1327 416 1364 Id
437 1326 522 1364 vero
557 1334 636 1364 erat
656 1327 879 1376 periculum,
901 1340 949 1363 ne
969 1326 1165 1370 sollertius,
1186 1326 1298 1375 quam
1313 1328 1470 1376 quilibet

182 1392 280 1417 unus
300 1393 346 1417 ex
367 1380 424 1423 iis,
453 1393 545 1428 quos
574 1380 777 1425 nominavi,
798 1380 931 1416 castris
950 1379 1075 1416 locum
1095 1386 1260 1428 caperet,
1281 1392 1470 1417 commea-

182 1438 242 1469 tus
261 1432 469 1481 expediret,
491 1433 537 1469 ab
557 1432 705 1468 insidiis
733 1439 974 1480 praeeaveret,
1005 1438 1153 1480 tempus
1172 1443 1309 1481 pugnae
1329 1432 1470 1482 delige-

181 1491 251 1532 ret,
271 1485 392 1521 aciem
412 1484 625 1527 instrueret,
660 1484 838 1520 subsidiis
867 1484 1060 1521 firmaret?
1115 1484 1205 1520 Non
1235 1497 1322 1520 cum
1352 1484 1469 1522 Dario

137 1547 260 1573 esrem
289 1549 372 1573 esse
401 1537 581 1573 dixisset:
627 1549 752 1585 quem,
787 1536 986 1572 mulierum
1018 1549 1063 1572 ac
1092 1536 1301 1585 spadonum
1332 1549 1469 1586 agmen

183 1589 406 1632 trahentem,
429 1589 525 1625 inter
544 1601 747 1637 purpuram
780 1595 891 1636 atque
922 1601 1067 1635 aurum,
1093 1596 1289 1625 oneratum
1312 1589 1469 1626 fortunae

184 1641 422 1689 apparatibus
441 1654 517 1677 suae
540 1640 722 1690 (praedam
745 1640 879 1684 verius,
901 1641 1012 1689 quam
1033 1642 1212 1691 hostem),
1243 1642 1336 1678 nihil
1368 1642 1469 1678 aliud

183 1693 295 1740 quam
334 1693 431 1729 bene
468 1705 581 1729 ausus
608 1705 705 1729 vana
747 1700 1006 1736 contemnere,
1051 1693 1274 1729 incruentus
1317 1694 1469 1731 devicit.

183 1744 314 1793 Longe
334 1745 429 1781 alius
449 1745 580 1790 Italiae,
600 1744 712 1793 quam
735 1745 868 1787 Indiae,
889 1758 955 1793 per
979 1758 1091 1793 quam
1123 1745 1331 1782 temulento
1351 1747 1470 1794 agmi-

138 1808 231 1833 30ne
251 1797 607 1833 commissabundus
629 1797 797 1843 incessit,
828 1797 928 1833 visus
962 1797 1014 1833 illi
1048 1797 1198 1833 habitus
1221 1804 1330 1843 esset,
1353 1798 1470 1834 saltus

183 1849 333 1898 Apuliae
353 1861 398 1885 ac
418 1856 565 1886 montes
586 1849 762 1885 Lucanos
782 1849 966 1895 cernenti,
989 1857 1025 1886 et
1041 1849 1197 1898 vestigia
1216 1850 1386 1886 recentia
1405 1851 1471 1888 do-

183 1901 349 1937 mesticae
369 1901 498 1946 cladis,
520 1901 583 1937 ubi
613 1901 823 1937 avunculus
851 1902 932 1951 ejus
952 1914 1071 1950 nuper
1092 1901 1197 1951 Epiri
1218 1915 1284 1938 rex
1305 1902 1470 1940 Alexan-

182 1953 249 1990 der
269 1953 488 2003 absumptus
507 1960 597 1992 erat.

235 2058 390 2096 XVIII.
420 2059 470 2096 Et
488 2059 674 2108 loquimur
694 2060 741 2096 de
763 2059 982 2096 Alexandro
1002 2061 1171 2097 nondum
1192 2073 1315 2097 merso
1334 2073 1471 2098 secun-

141 2128 174 2153 35
184 2111 241 2148 dis
259 2111 383 2158 rebus,
403 2124 560 2160 quarum
580 2125 692 2148 nemo
713 2112 970 2149 intolerantior
990 2112 1081 2149 fuit:
1125 2113 1200 2161 qui,
1223 2113 1252 2149 si
1273 2126 1318 2150 ex
1340 2114 1469 2150 habitu

184 2176 289 2200 novae
309 2163 479 2207 fortunae‚
500 2164 659 2212 novique
682 2164 741 2213 (ut
762 2164 813 2201 ita
832 2165 976 2215 dicam)
1004 2165 1162 2213 ingenii,
1183 2166 1281 2213 quod
1303 2166 1374 2203 sibi
1395 2166 1471 2203 vic-

185 2222 240 2252 tor
261 2215 445 2259 induerat,
467 2223 668 2264 spectetur,
701 2216 818 2253 Dario
850 2217 969 2265 magis
998 2217 1143 2260 similis,
1173 2218 1283 2266 qufim
1305 2219 1471 2255 Alexan-

185 2268 263 2313 dro,
296 2267 333 2304 in
355 2267 501 2304 Italiam
533 2269 708 2315 venisset,
746 2276 782 2306 et
812 2269 1021 2306 exercitum
1043 2270 1282 2307 Macedoniae
1311 2272 1469 2308 oblitum

186 2320 556 2368 degenerantemque
582 2321 658 2370 jam
681 2322 717 2358 in
741 2321 940 2358 Persarum
963 2335 1084 2358 mores
1105 2323 1333 2360 adduxisset.
1391 2324 1471 2360 Re-

142 2385 175 2411 40
189 2372 283 2409 ferre
305 2372 342 2408 in
363 2379 466 2408 tanto
486 2385 573 2421 rege
595 2373 696 2421 piget
716 2375 916 2422 superbam
938 2375 1183 2411 mutationem
1204 2376 1329 2417 vestis,
1350 2383 1387 2412 et
1407 2375 1470 2411 de-

187 2425 368 2461 sideratas
389 2424 490 2460 humi
510 2425 716 2473 jacentium
739 2426 987 2472 adulationes,
1017 2428 1130 2464 etiam
1161 2428 1270 2464 victis
1291 2427 1471 2463 Macedo-

188 2477 299 2514 nibus
318 2489 461 2527 graveS,
484 2477 621 2513 nedum
645 2478 872 2524 victoribus;
913 2486 950 2515 et
970 2479 1068 2516 foeda
1098 2480 1297 2528 supplicia,
1318 2486 1355 2516 et
1376 2479 1471 2516 inter
