1617 2765
93 149 95 151 Ι
137 169 216 206 266
678 168 768 199 T1T1
792 168 902 199 LIVII

139 276 366 300 concurrere
387 263 432 300 ad
454 263 697 300 simulacrum
718 276 866 312 pugnae.
923 263 1037 312 Regii
1055 263 1213 313 juvenes
1245 264 1362 300 duces
1382 263 1417 301 ei

139 315 285 352 ludicro
313 316 510 353 certamini
540 316 614 352 dati
638 328 646 351 :
692 315 870 352 caeterum
910 328 984 352 non
1029 316 1152 364 imago
1173 316 1241 352 fuit
1269 329 1419 364 pugnae,

140 368 220 415 sed,
249 375 435 417 tamquam
458 369 504 404 de
525 381 640 416 regno
660 368 915 410 dimicaretur,
937 368 986 404 ita
1011 375 1296 410 concurrerunt,
1327 368 1420 404 mul·

139 427 250 468 taque
270 421 424 457 vulnera
443 421 600 456 sudibus
621 420 740 464 facta;
784 432 869 462 nec,
891 427 1022 468 praeter
1043 420 1193 464 ferrum,
1215 420 1418 467 quidquam

139 472 258 509 defuit
277 474 323 509 ad
340 473 478 521 justam
500 472 585 508 belli
607 472 784 520 speciem.
844 471 933 507 Pars
952 484 1007 516 ea,
1028 485 1110 520 quae
1136 472 1206 508 sub
1227 472 1420 508 Demetrio
1449 478 1465 502 ⁵

138 532 230 570 erat,
250 525 362 573 longe
385 524 552 572 superior
582 524 660 560 fuit.
718 524 762 560 Id
793 523 892 572 aegre
921 524 1085 572 patiente
1123 524 1270 569 Perseo,
1304 523 1419 559 laetari

137 578 343 625 prudentes
363 576 474 612 amici
494 577 588 624 ejuS,
609 589 766 624 eamque
797 589 875 612 rem
896 576 1013 624 ipsam
1034 576 1161 613 dicere
1181 575 1421 624 praebituram

139 641 293 665 causam
314 628 540 665 criminandi
558 627 718 677 juvenis

192 734 283 771 VII.
327 733 552 770 Convivium
572 746 617 769 eo
637 733 697 769 die
718 732 915 775 sodalium,
948 732 1012 780 qui
1032 733 1142 768 simul
1163 733 1421 774 decurrerant,

141 792 296 834 uterque
318 786 461 829 habuit,
482 798 596 833 quum
618 792 771 821 vocatus
790 785 836 821 ad
866 797 1016 821 coenam
1048 785 1094 820 ab
1124 785 1318 821 Demetrio
1339 785 1468 821 Per-10

139 850 226 874 seus
246 839 432 887 negasset.
490 838 604 874 Festo
632 838 692 873 die
722 837 891 873 invitatio
919 837 1085 885 benigna
1112 847 1150 872 et
1179 837 1345 873 hilaritas
1367 837 1424 885 ju-

140 891 282 926 venalis
299 898 472 938 utrosque
492 890 530 926 in
553 890 678 926 vinum
710 890 829 926 traxit.
888 889 1205 926 Commemoratio
1236 889 1285 925 ibi
1307 897 1425 925 certa-

140 942 254 979 minis
275 943 423 987 ludicri,
445 950 482 978 et
498 942 628 991 jocosa
648 942 750 978 dicta
780 942 817 978 in
852 942 1097 988 adversarios,
1128 941 1179 977 ita
1208 948 1248 977 ut
1267 954 1314 977 ne
1335 941 1424 989 ipsis

140 995 291 1043 quidem
326 995 486 1031 ducibus
516 993 1034 1042 abstineretur‚jactabantur.
1093 993 1152 1029 Ad
1185 993 1252 1029 has
1283 993 1424 1041 excipi-

140 1047 258 1083 endas
279 1059 403 1089 voces,
424 1046 635 1095 speculator
664 1059 710 1082 ex
730 1045 896 1082 convivis
918 1045 1043 1081 Persei
1065 1045 1212 1089 missus,
1234 1058 1348 1093 quum
1370 1045 1424 1081 in·
1439 1053 1468 1078 15

141 1099 285 1135 cautior
313 1099 585 1140 obversaretur,
624 1106 805 1146 exceptus
834 1110 856 1133 a
893 1097 1095 1145 juvenibus
1138 1097 1230 1133 forte
1260 1097 1425 1134 triclinio

140 1151 314 1199 egressis,
346 1150 440 1186 male
471 1151 667 1186 mulcatur.
743 1149 869 1197 Hujus
907 1149 959 1184 rei
1003 1149 1155 1196 ignarus
1194 1148 1423 1192 Demetrius,

141 1204 165 1225 ‘⁶
181 1202 290 1242 Quin
327 1202 612 1248 comissatum‚’'
651 1201 783 1249 inquit,
813 1201 900 1236 “ad
922 1200 1073 1236 fratrem
1093 1200 1190 1236 imus
1211 1213 1219 1244 ;
1267 1207 1304 1236 et
1332 1200 1424 1236 iram

141 1257 166 1278 “
183 1255 276 1305 ejus,
298 1255 327 1292 si
348 1268 421 1303 qua
439 1267 486 1291 ex
506 1254 713 1290 certamine
734 1253 884 1296 residet,
906 1253 1146 1301 simplicitate
1176 1260 1214 1288 et
1239 1252 1425 1289 hilaritate

143 1309 167 1331 “
182 1309 305 1344 nostra
343 1306 575 1344 lenimus‘!”
631 1306 778 1342 Omnes
811 1318 850 1341 se
881 1305 933 1341 ire
962 1305 1262 1347 conclamarunt,
1293 1312 1425 1352 praeter
1438 1313 1470 1337 20

141 1373 219 1407 eOS,
239 1360 302 1409 qui
322 1359 567 1408 speculatoris
599 1359 646 1395 ab
679 1371 718 1395 se
739 1357 873 1406 pulsati
906 1365 1128 1406 praesentem
1151 1357 1331 1393 ultionem
1352 1369 1427 1393 me-

142 1413 310 1450 tuebant.
339 1412 474 1451 Quum
490 1425 554 1448 eos
569 1423 715 1460 quoque
736 1410 952 1446 Demetrius
973 1411 1147 1452 traheret,
1170 1409 1308 1445 serrum
1325 1416 1426 1445 veste

143 1465 381 1508 abdiderunt,
401 1478 474 1513 quo
493 1477 533 1500 se
554 1464 677 1506 tutari,
709 1463 738 1499 si
767 1475 840 1510 qua
870 1462 923 1498 vis
951 1461 1069 1504 fieret,
1099 1468 1262 1510 possent.
1319 1461 1426 1496 Nihil

141 1517 282 1555 occulti
309 1530 391 1553 esse
420 1517 458 1553 in
490 1516 665 1552 intestina
694 1515 883 1551 discordia
912 1521 1062 1562 potest:
1109 1522 1264 1560 utraque
1294 1513 1427 1549 domus

143 1569 418 1618 speculatorum
440 1575 477 1604 et
496 1568 726 1616 proditorum
752 1567 862 1615 plena
882 1574 972 1602 erat.
1030 1565 1283 1601 Praecucurrit
1312 1564 1473 1601 index2⁵

143 1622 189 1657 ad
211 1621 360 1667 Persea,
382 1621 478 1656 ferro
507 1620 724 1656 succinctos
743 1618 923 1654 nuntians
952 1630 1040 1653 cum
1075 1617 1270 1653 Demetrio
1298 1624 1429 1664 quatu-

142 1686 183 1710 or
217 1674 477 1710 adolescentes
511 1672 649 1708 venire.
707 1671 787 1706 Etsi
808 1683 923 1706 causa
949 1669 1150 1718 apparebat
1173 1669 1277 1718 (nam
1308 1669 1355 1704 ab
1383 1669 1428 1705 iis

143 1725 331 1774 pulsatum
353 1725 548 1761 convivam
570 1736 679 1760 suum
701 1723 903 1772 audierat),
939 1730 1078 1764 tamen,
1114 1721 1342 1757 infamandae
1375 1721 1428 1757 rei

143 1778 272 1824 causa,
289 1778 444 1826 januam
463 1776 627 1813 obserari
645 1775 753 1824 jubet
769 1788 777 1819 ;
820 1782 857 1811 et
876 1787 922 1811 ex
941 1782 1045 1822 parte
1071 1773 1262 1822 superiore
1279 1773 1428 1813 aedium.

145 1830 333 1878 versisque
355 1830 392 1866 in
413 1830 511 1865 viam
544 1828 729 1873 fenestris,
759 1827 1034 1871 comissatores,
1067 1832 1256 1873 tamquam
1291 1825 1337 1860 ad
1358 1831 1474 1860 eze-3⁰

144 1883 230 1918 dem
264 1895 369 1917 suam
404 1881 611 1922 venientes,
650 1880 753 1915 aditu
786 1879 913 1927 januae
934 1886 1048 1913 arcet.
1106 1877 1335 1919 Demetrius,
1365 1889 1430 1924 per

144 1933 287 1977 vinum,
314 1932 412 1981 quud
441 1932 718 1974 excluderetur,
748 1930 935 1978 paulisper
964 1928 1202 1974 vociferatus,
1232 1929 1270 1964 in
1303 1928 1430 1965 convi-

144 1986 244 2023 vium
266 1986 373 2031 redit,
394 1985 506 2022 totius
525 1983 587 2023 rei,
599 1983 763 2032 ignarus.

199 2090 313 2127 VIII.
360 2090 514 2127 Postero
549 2088 611 2124 die
654 2087 826 2133 Perseus,
862 2084 973 2134 quam
1011 2084 1170 2133 primum
1202 2085 1431 2122 convenien-

146 2143 184 2179 di
213 2150 377 2192 potestas
406 2141 521 2191 patris
550 2141 629 2185 suit,
660 2139 803 2188 regiam
833 2138 1038 2186 ingressus,
1081 2138 1297 2186 perturbato
1327 2138 1477 2174 vultuas

148 2194 186 2231 in
227 2202 433 2243 conspectu
472 2193 587 2242 patris
625 2192 762 2228 tacitus
800 2190 928 2239 procul
971 2189 1168 2226 constitit:
1214 2189 1276 2226 cui
1315 2203 1430 2238 quum

148 2254 266 2295 pater,
287 2251 308 2268 “
324 2247 455 2283 Sati'n’
477 2246 586 2282 salvae
602 2246 616 2281 ’Ζ
630 2246 650 2261 '¹
689 2254 740 2290 et,
768 2246 791 2265 “
807 2255 979 2291 quaenam
1008 2254 1054 2277 ea
1072 2241 1250 2278 moestitia
1268 2243 1430 2278 esset'3'’

150 2299 396 2347 interrogaret
415 2311 517 2340 eum,
538 2300 561 2319 ‘⁴
579 2297 638 2333 De
659 2296 764 2332 lucro
783 2295 889 2338 tibi‚’'
915 2294 1045 2342 inquit,
1075 2297 1097 2315 ‘⁴
1118 2294 1238 2330 vivere
1273 2306 1332 2330 me
1362 2294 1434 2330 sci-

149 2353 173 2373 “
189 2359 236 2388 to.
293 2351 377 2387 Jam
409 2363 483 2386 nou
513 2349 673 2386 occultis
707 2361 728 2384 a
759 2347 870 2384 fratre
903 2347 1063 2395 petimur
1093 2345 1250 2383 insidiis.
1308 2345 1432 2382 Nocte

150 2405 275 2440 “cum
295 2402 446 2439 armatis
465 2402 616 2438 domum
652 2401 698 2436 ad
732 2399 1035 2436 interficiendum
1067 2411 1126 2434 me
1157 2398 1286 2434 venit:
1333 2397 1478 2436 clau-40

150 2457 312 2504 “sisque
343 2455 494 2500 foribus,
525 2453 708 2503 parietum
743 2452 916 2501 praesidio
951 2464 1009 2487 me
1039 2463 1060 2487 a
1090 2451 1212 2487 furore
1242 2450 1323 2499 ejus
1351 2462 1434 2486 sum
