1617 2765
182 193 234 230 38
709 194 799 225 T1T1
824 194 935 225 mvn

183 290 206 309 ‘⁶
223 300 345 337 agros,
366 301 514 337 aquam,
534 289 728 333 terminos,
755 289 924 333 delubra,
956 291 1145 334 utensilia,
1176 291 1316 339 divina,
1337 292 1465 330 huma-

182 342 346 389 “naque
383 340 523 385 onmia,
558 342 596 378 in
634 354 756 378 meam
786 343 986 390 populique
1027 343 1189 380 Romani
1220 345 1464 382 diti011em‘!”

181 393 448 430 “Dedimus''
504 396 527 416 ‘⁴
546 395 599 430 At
634 407 705 443 ego
742 395 923 443 recipio.’⁷
980 395 1086 432 Bello
1115 396 1258 433 Sabino
1286 398 1464 445 perfecto,

182 446 414 494 Tarquinius
435 446 670 494 triumphans
701 447 863 483 Romam
885 447 1017 484 rediit:
1061 448 1149 484 inde
1169 450 1300 497 priscis
1320 449 1466 486 Latinis

181 498 320 534 bellum
353 499 463 535 fecit:
512 499 575 535 ubi
596 511 778 547 nusquam
807 500 853 535 ad
888 500 1071 536 universae
1101 501 1154 537 rei
1183 501 1465 538 dimicationem
1495 517 1513 542 5

181 559 333 587 ventum
355 558 424 596 est,
445 551 491 587 ad
526 551 675 600 singula
703 551 841 600 oppida
873 552 1178 589 circumferendo
1208 566 1324 599 arma,
1353 566 1466 590 omne

180 615 319 640 nomen
352 603 529 639 Latinum
560 604 716 640 domuit.
775 604 1035 650 Corniculum,
1066 604 1224 641 Ficulea
1253 614 1372 652 vetus,
1396 606 1468 642 Ca-

180 656 311 701 meria,
332 656 650 699 Crustumerium,
672 657 878 700 Ameriola,
902 656 1097 700 Medullia,
1117 657 1364 704 Nomentum,
1386 659 1468 695 haec

180 708 227 744 de
257 708 390 757 priscis
410 708 569 755 Latinis,
590 717 653 745 aut
671 709 733 756 qui
754 709 800 745 ad
831 709 987 744 Latinos
1016 709 1245 754 defecerant,
1276 718 1386 759 capta
1404 724 1469 759 op-

180 761 280 808 pida.
355 760 433 796 Pax
461 761 600 796 deinde
628 769 684 797 est
714 761 824 797 sacta.
899 760 1044 809 Majore
1083 761 1171 797 inde
1210 762 1336 799 animo
1364 764 1469 811 pacis
1484 777 1513 802 10

178 824 293 861 opera
313 812 502 855 inchoata,
523 812 637 860 quam
666 813 807 861 quanta
828 813 925 849 mole
954 821 1121 861 gesserat
1152 813 1275 857 bella3
1322 823 1363 851 ut
1391 828 1466 852 non

179 864 338 912 quietior
368 865 527 913 populus
563 865 663 902 domi
703 874 816 907 esset,
855 865 966 913 quam
1003 865 1147 901 militiae
1177 866 1333 902 fuisset:
1380 880 1468 904 nam

179 924 217 953 et
237 930 342 954 muro
362 917 523 965 lapideo,
553 918 662 966 cujus
691 918 885 955 exordium
914 918 1037 966 operis
1067 918 1210 954 Sabino
1230 918 1327 955 bello
1346 920 1469 956 turba-

179 977 258 1006 tum
279 977 371 1013 erat,
395 970 539 1016 urbem,
568 971 643 1018 qua
663 971 831 1007 nondum
861 970 1063 1016 munierat,
1083 970 1238 1019 cingere
1258 979 1387 1019 parat;
1430 980 1468 1009 et

179 1022 310 1058 infima
329 1022 432 1058 urbis
461 1022 544 1059 loca
572 1023 674 1060 circa
705 1023 836 1068 forum,
871 1022 1036 1070 aliasque
1063 1023 1280 1071 interjectas
1308 1024 1467 1061 collibus
1483 1038 1513 1063 15

179 1075 381 1120 convalles,
405 1074 509 1122 (quia
528 1088 573 1111 ex
593 1075 715 1123 planis
734 1075 828 1112 locis
849 1075 947 1111 haud
970 1074 1079 1111 facile
1100 1075 1311 1112 evehebant
1332 1078 1465 1127 aquas)

179 1127 321 1164 cloacis
351 1140 372 1163 e
403 1127 552 1175 fastigio
586 1127 622 1164 in
658 1127 832 1164 Tiberim
862 1127 986 1163 ductis
1016 1127 1156 1171 siccat3
1196 1135 1233 1164 et
1264 1141 1389 1164 aream
1420 1130 1466 1166 ad

180 1180 299 1215 aedem
332 1180 370 1216 in
404 1179 591 1228 Capitolio
624 1179 741 1222 Jovis,
762 1193 873 1228 quam
902 1187 1051 1216 voverat
1080 1180 1176 1216 bello
1206 1180 1362 1224 Sabino,
1389 1180 1467 1230 jam

179 1232 427 1281 praesagiente
457 1232 584 1269 animo
604 1232 767 1269 suturam
786 1232 873 1270 olim
896 1232 1182 1281 amplitudinem
1199 1232 1285 1279 loci,
1304 1240 1468 1282 occupat

180 1284 445 1321 fundamentis.
1480 1298 1512 1323 20

232 1390 429 1427 XXXIX.
471 1391 528 1427 Eo
547 1398 715 1440 ternpore
732 1391 768 1428 in
791 1391 895 1440 regia
924 1390 1137 1440 prodigium
1155 1390 1235 1427 visu
1255 1397 1466 1439 eventuque

179 1443 350 1479 mirabile
381 1443 461 1480 fuit.
518 1443 641 1481 Puero
669 1444 884 1490 dormienti,
921 1443 984 1480 cui
1017 1443 1148 1480 Servio
1178 1443 1308 1480 Tullio
1327 1456 1466 1480 nomen

179 1496 260 1538 fuit,
296 1503 410 1544 caput
439 1496 574 1532 arsisse
595 1497 721 1533 ferunt
740 1497 941 1533 multorum
962 1496 1000 1532 in
1031 1504 1261 1543 conspectu:
1307 1495 1468 1543 plurimo

178 1548 292 1596 igitur
312 1548 476 1585 clamore
497 1549 585 1585 inde
614 1549 660 1584 ad
690 1556 803 1585 tantae
832 1549 883 1585 rei
906 1547 1129 1584 miraculum
1149 1554 1230 1584 orto
1248 1547 1392 1584 excitos
1412 1560 1468 1584 re-

179 1613 270 1649 ges:
300 1609 337 1637 et
356 1614 471 1649 quum
491 1601 644 1649 quidam
666 1601 904 1638 familiarium
925 1613 1060 1649 aquam
1087 1600 1132 1636 ad
1153 1599 1465 1648 restinguendum
1480 1614 1512 1639 25

180 1654 305 1700 ferret,
335 1654 382 1689 ab
410 1653 543 1702 regina
572 1661 759 1690 retentum
780 1666 787 1690 :
817 1654 1019 1701 sedatoque
1040 1665 1123 1688 eam
1144 1651 1307 1688 tumultu
1328 1652 1468 1688 moveri

179 1706 341 1742 vetuisse
371 1718 543 1754 puerum,
564 1706 687 1742 donec
717 1706 785 1742 sua
806 1713 937 1754 sponte
957 1709 1199 1753 experrectus
1218 1715 1338 1740 esset:
1381 1717 1468 1742 mox

179 1771 267 1794 cum
289 1771 420 1795 somno
439 1765 476 1794 et
495 1757 685 1794 flammam
707 1758 855 1795 abiisse.
912 1758 1015 1794 Tum
1037 1757 1200 1793 abducto
1220 1757 1257 1792 in
1278 1764 1467 1793 secretum

179 1810 258 1847 viro
277 1810 480 1858 Tanaquil,
510 1811 700 1847 “Vide’n'
734 1818 774 1847 tu
804 1823 960 1859 puerum
992 1810 1131 1854 liunc,''
1153 1809 1286 1857 inquit,
1315 1811 1338 1830 “
1355 1822 1467 1857 quem

179 1865 203 1884 “
222 1870 298 1899 tam
318 1863 449 1899 humili
463 1863 567 1899 cultu
583 1864 792 1899 educamus
810 1865 824 1898 t
855 1863 963 1899 Scire
979 1863 1079 1907 licet,
1097 1861 1338 1897 hunclumen
1352 1874 1468 1909 quon·
1481 1875 1513 1900 :30

181 1916 308 1951 “dam
338 1915 450 1951 rebus
490 1916 628 1952 nostris
664 1916 789 1951 dubiis
818 1915 1001 1957 futurum,
1032 1913 1322 1963 praesidiumque
1353 1914 1466 1960 regia:

179 1969 204 1990 “
221 1968 381 2004 afflictae.
442 1967 605 2004 Proinde
626 1968 818 2004 materiem
850 1967 1016 2015 ingentis
1049 1964 1200 2014 publice
1223 1965 1467 2014 privatimque

180 2024 203 2043 ‘⁴
220 2021 368 2057 decoris
387 2020 489 2057 omni
510 2020 747 2069 indulgentia
768 2020 893 2056 nostra
907 2018 1153 2055 nutriamus.'’
1201 2016 1297 2053 Inde
1310 2030 1469 2066 puerum

180 2073 337 2110 liberum
367 2073 451 2109 loco
479 2081 644 2121 coeptum
676 2072 817 2118 haberi,
848 2071 1062 2119 erudirique
1083 2069 1237 2112 artibus,
1257 2070 1393 2117 quibus
1414 2071 1469 2107 in-

181 2126 295 2176 genia
314 2126 360 2161 ad
381 2138 528 2173 magnae
564 2125 721 2162 fortunae
741 2125 885 2161 cultum
904 2124 1127 2160 excitantur.
1185 2121 1322 2158 Evenit
1343 2123 1468 2172 facile,
1482 2137 1513 2163 35

180 2179 280 2227 quod
302 2178 385 2214 Diis
415 2178 519 2214 cordi
545 2186 655 2214 esset.
713 2177 871 2214 Juvenis
900 2176 1018 2213 evasit
1050 2174 1136 2212 vere
1166 2174 1303 2210 indolis
1332 2176 1467 2225 regiae:

182 2243 268 2274 nec,
288 2243 402 2278 quum
424 2238 653 2278 quaereretur
672 2242 790 2279 gener
809 2228 1033 2277 Tarquinio,
1064 2228 1260 2276 quisquam
1282 2227 1468 2266 Romanae

179 2283 387 2333 juventutis
408 2283 482 2319 ulla
503 2290 581 2319 arte
614 2282 778 2319 conferri
806 2282 947 2330 potuit:
992 2281 1180 2328 filiamque
1213 2279 1246 2315 ei
1274 2292 1380 2316 suam
1402 2294 1468 2318 rex

183 2335 394 2384 despondit.
470 2335 560 2378 Hic,
592 2336 831 2383 quacumque
868 2334 914 2370 de
952 2335 1080 2378 causa,
1111 2340 1238 2370 tantus
1268 2331 1319 2369 illi
1350 2333 1468 2370 honos

184 2389 348 2431 habitus,
386 2388 542 2424 credere
578 2388 762 2435 prohibet,
800 2386 906 2423 serva
943 2393 1072 2421 natum
1101 2399 1202 2428 eum,
1239 2397 1467 2434 parvumque
1482 2399 1515 2425 -10

185 2441 305 2490 ipsum
327 2441 497 2476 servisse.
555 2440 695 2476 Eorum
717 2439 836 2488 magis
856 2439 1052 2475 sementim
1073 2451 1167 2484 sum,
1189 2437 1265 2486 qui,
1285 2438 1471 2475 Cornicu-

182 2492 219 2529 lo
239 2501 362 2543 capte,
383 2493 504 2530 Servii
524 2493 657 2538 Tullii,
677 2493 740 2542 qui
761 2492 937 2541 princeps
967 2491 1004 2527 in
1033 2491 1095 2528 illa
1124 2491 1216 2528 urbe
1237 2489 1370 2536 fuerat,
1389 2503 1471 2540 gra-
