1617 2765
161 202 233 239 124
677 199 767 230 T1T1
792 199 901 230 L1V11

158 295 411 343 nequidquam
441 302 493 331 tot
526 293 696 330 cladibus
725 294 883 336 territos,
920 306 989 329 nec
1021 293 1178 330 flexuros
1207 293 1253 329 ad
1274 293 1431 330 deditio-

159 360 245 384 nem
266 347 422 390 animos,
440 347 477 382 ni
495 346 548 381 vis
567 346 830 388 adhiberetur3
859 346 1016 393 experiri
1033 346 1174 387 ultima,
1195 353 1231 381 et
1252 346 1429 393 impetum

160 400 283 436 facere
305 403 342 435 in
371 410 510 439 arcem,
539 405 717 433 statuunt.
776 397 899 432 Prima
930 397 1024 439 luce,
1046 411 1154 445 signo
1179 397 1276 439 dato,
1309 396 1431 432 multi·

158 451 248 488 tudo
266 450 389 487 omnis
409 451 446 486 in
471 449 547 485 foro
567 452 759 485 instruitur
777 461 784 485 z
828 449 929 491 inde,
950 449 1111 485 elamore
1132 449 1277 484 sublato
1297 461 1340 483 ac
1361 457 1432 483 tes-

157 503 287 539 tudine
308 501 619 546 factasubeunt:
659 501 834 536 adversus
863 513 954 548 quos
984 501 1149 537 Romani
1171 500 1261 536 nihil
1291 499 1430 536 temere
1461 514 1476 539 5

158 568 230 592 nec
250 554 404 603 trepide,
423 553 469 588 ad
488 565 619 589 omnes
639 553 762 589 aditus
791 553 1012 589 stationibus
1038 553 1204 597 firmatis,
1224 552 1298 599 qua
1325 551 1434 599 signa

158 607 243 643 ferri
265 606 450 649 videbant,
471 605 514 640 ea
536 604 665 640 robore
699 605 856 640 virorum
887 605 1055 652 opposito
1087 605 1269 641 scandere
1290 604 1431 639 hostem

159 659 311 702 sinunt3
340 670 412 705 quo
432 656 657 692 successerit
677 656 796 704 magis
826 657 861 692 in
883 657 1052 701 arduum,
1073 655 1116 692 eo
1137 656 1222 704 pelli
1243 668 1350 704 posse
1370 667 1434 712 per
1479 674 1485 682 ·

158 710 320 759 proclive
341 708 485 745 facilius
500 708 581 744 rati.
639 708 768 743 Medio
788 707 864 743 fere
891 708 987 743 clivo
1017 708 1211 744 restitere.
1251 714 1359 754 atque
1380 706 1435 742 in-

159 763 205 798 de
226 775 271 798 ex
291 762 374 797 loco
393 760 594 808 superiore
615 759 676 806 qui
697 772 808 806 prope
829 771 897 795 sua
930 767 1060 818 sponte
1082 760 1118 795 in
1139 760 1282 795 hostem
1304 758 1479 798 insere-10

159 814 236 859 bat,
275 813 419 860 impetu
462 811 572 853 facto,
612 819 734 859 strage
777 823 821 846 ac
863 810 969 846 ruina
1010 810 1095 846 sud&
1091 823 1138 846 re
1183 810 1339 853 Gallos;
1397 817 1437 846 ut

160 877 351 912 nunquam
381 869 510 911 postea
547 875 619 898 nec
661 875 756 910 pars,
796 875 868 898 nec
907 862 1070 898 universi
1109 861 1335 898 tentaverint
1363 861 1436 897 tale

159 928 296 965 pugnae
333 927 464 964 genus.
539 914 692 950 Omissa
728 914 851 962 itaque
880 927 944 962 spe
982 927 1048 962 per
1090 914 1161 950 vim
1198 920 1306 961 atque
1336 925 1438 949 arma

161 968 363 1010 subeundi,
393 966 627 1003 obsidionem
656 974 812 1014 parant3
855 967 963 1014 cujus
992 966 1038 1002 ad
1068 966 1104 1002 id
1133 973 1281 1014 tempus
1310 965 1438 1001 imme-

161 1032 294 1065 mores,
316 1027 364 1064 et‚
385 1018 482 1066 quod
512 1018 550 1054 in
581 1018 671 1054 urbe
701 1017 821 1054 fuerat
849 1018 1091 1063 frumentum,
1120 1017 1307 1053 incendiis
1337 1016 1438 1052 urbis
1454 1032 1483 1056 15

162 1072 462 1119 absumpserant,
500 1077 537 1106 et
565 1083 610 1106 ex
640 1070 738 1118 agris
776 1082 841 1117 per
884 1069 982 1117 ipsos
1023 1070 1103 1106 dies
1141 1076 1286 1117 raptum
1325 1081 1437 1104 omne

162 1124 278 1172 Vejos
314 1129 404 1158 erat.
461 1121 594 1170 Igitur,
632 1121 800 1158 exercitu
833 1122 962 1165 diviso,
1005 1122 1138 1170 partim
1166 1133 1231 1169 per
1261 1120 1438 1156 finitimos

162 1175 318 1223 populos
361 1174 518 1221 praedari
563 1173 717 1221 placuit,
764 1174 896 1221 partim
943 1173 1113 1209 obsidere
1170 1184 1295 1208 arcem
1318 1185 1325 1215 3
1399 1178 1440 1207 ut

163 1226 424 1262 obsidentibus
470 1225 698 1261 frumentum
738 1225 972 1273 populatores
1008 1236 1179 1273 agrorum
1217 1223 1438 1272 praeberent.

164 1277 454 1314 Proficiscentes
473 1277 600 1313 Gallos
629 1277 675 1312 ab
703 1276 818 1319 Urbe,
848 1277 894 1312 ad
923 1276 1137 1312 Romanam
1171 1274 1484 1323 experiendameo

166 1329 353 1374 virtutem,
391 1328 559 1365 Fortuna
587 1328 666 1375 ipsa
702 1328 880 1371 Ardeam,
918 1328 981 1364 ubi
1019 1328 1202 1364 Camillus
1233 1326 1440 1371 exsulabat,

164 1381 293 1424 duxit3
321 1380 383 1428 qui
403 1380 568 1416 moestior
587 1380 638 1416 ib,
659 1379 806 1416 fortuna
818 1379 981 1428 publica,
997 1379 1108 1427 quam
1129 1379 1209 1425 sua,
1224 1390 1337 1426 quum
1359 1377 1442 1413 Diis

165 1432 453 1489 hominibusque
487 1432 712 1467 accusandis
737 1438 964 1475 senesceret,
995 1430 1227 1477 indignando
1256 1429 1442 1464 mirando-

164 1496 236 1532 que
256 1483 319 1520 ubi
340 1483 393 1519 illi
413 1483 478 1519 viri
499 1489 638 1525 essent,
668 1481 730 1529 qui
760 1494 890 1518 secum
920 1481 1035 1529 Vejos
1062 1480 1302 1527 Faleriosque
1323 1479 1442 1527 cepis-

166 1542 261 1578 sent,
283 1535 345 1582 qni
366 1534 438 1570 alia
457 1534 554 1570 bella
574 1532 701 1569 fortius
733 1545 879 1589 semper
907 1545 1017 1580 quam
1048 1531 1193 1568 felicius
1212 1531 1440 1580 gessissent·
1432 1559 1440 1575 ‚
1454 1546 1486 1571 25

168 1587 321 1635 repente
343 1586 460 1628 audit,
481 1585 674 1622 Gallorum
707 1585 915 1621 exercitum
950 1585 1162 1627 adventare,
1193 1590 1302 1630 atque
1323 1583 1369 1618 de
1397 1595 1443 1619 eo

165 1639 319 1687 pavidos
340 1638 524 1673 Ardeates
543 1637 782 1673 consultare:
813 1649 884 1672 nec
904 1648 1014 1672 secus
1033 1648 1144 1683 quam
1165 1634 1291 1670 divino
1311 1634 1443 1682 spiritu

166 1697 302 1736 tactus,
318 1702 432 1737 quum
453 1702 492 1725 se
522 1689 558 1725 in
581 1689 743 1724 mediam
773 1688 996 1725 concionem
1028 1687 1225 1730 intulisset,
1256 1686 1443 1722 abstinere

167 1749 296 1778 suetus
316 1741 401 1777 ante
421 1741 557 1777 talibus
577 1741 773 1786 conciliis;

221 1845 366 1882 XLIV.
415 1852 439 1868 “
457 1845 682 1888 Ardeates‚”
705 1845 836 1893 inquit,
871 1851 1054 1880 “veteres
1073 1843 1196 1888 amici,
1217 1841 1301 1878 novi
1331 1841 1441 1877 etiam
1456 1860 1489 1885 30

169 1897 307 1933 “cives
326 1897 413 1940 mei,
434 1898 584 1944 quando
611 1904 649 1932 et
677 1905 838 1932 vestrum
868 1896 1093 1932 beneficium
1125 1896 1175 1930 ita
1193 1894 1289 1935 tulit,
1319 1901 1354 1929 et
1376 1893 1445 1929 sor-

169 1955 298 1986 “tuna
327 1950 398 1985 hoc
427 1949 504 1997 egit
538 1961 633 1990 mea,
670 1960 782 1984 nemo
810 1949 970 1983 vester
1004 1946 1231 1982 conditionis
1261 1957 1353 1981 meae
1382 1945 1445 1981 ob-

169 2001 314 2037 “litum
348 2013 407 2037 me
438 2001 512 2036 huc
544 2000 769 2048 processisse
802 2006 930 2047 putet:
977 1999 1042 2034 sed
1076 2011 1134 2033 res
1163 2010 1207 2033 ac
1235 1997 1444 2045 periculum

170 2059 193 2075 ‘⁸
207 2065 408 2089 commune
428 2052 541 2100 cogit,
561 2051 659 2099 quod
680 2051 834 2098 quisque
854 2050 969 2098 possit
989 2050 1024 2086 in
1047 2062 1085 2085 re
1105 2049 1250 2097 trepida
1269 2048 1445 2096 praesidii,

171 2111 194 2127 “
210 2105 245 2141 in
268 2104 433 2141 medium
453 2104 635 2140 conferre.
692 2103 740 2139 Et
759 2102 908 2151 quando
928 2114 998 2149 ego
1031 2101 1134 2137 vobis
1154 2114 1218 2149 pro
1237 2100 1350 2136 tantis
1370 2112 1492 2143 ves-35

172 2157 275 2193 “tris
309 2157 346 2192 in
377 2169 436 2192 me
467 2155 608 2192 meritis
640 2155 798 2203 gratiam
828 2153 1001 2199 referam,
1026 2153 1055 2189 si
1084 2165 1187 2188 nunc
1216 2153 1444 2188 cessavero?

172 2215 196 2231 “
211 2215 274 2244 aut
293 2208 357 2244 ubi
378 2220 467 2244 usus
486 2207 556 2243 erit
575 2207 648 2243 mei
683 2207 797 2250 vobis,
831 2206 860 2241 si
896 2205 932 2241 in
956 2205 1050 2241 bello
1071 2217 1146 2241 non
1168 2204 1304 2240 suerit?
1362 2204 1446 2240 IIac

173 2267 196 2283 “
211 2267 288 2296 arte
310 2259 347 2295 in
367 2259 484 2307 patria
513 2259 623 2303 steti;
665 2265 713 2303 et,
735 2258 896 2294 invictus
916 2257 1024 2300 bello,
1046 2257 1083 2293 in
1102 2269 1195 2304 pace
1216 2256 1262 2291 ab
1291 2255 1447 2304 ingratis

174 2311 356 2348 “civibus
375 2311 502 2359 pulsus
522 2323 616 2346 sum.
674 2310 790 2345 Vobis
822 2316 961 2354 autem,
994 2309 1189 2353 Ardeates,
1217 2289 1365 2343 sortunoa
1383 2307 1448 2343 ob·

174 2363 285 2400 “lata
303 2371 369 2407 est,
404 2370 441 2398 et
459 2375 525 2410 pro
545 2356 657 2398 tantis
690 2361 854 2410 pristinis
886 2361 1011 2408 populi
1042 2359 1208 2396 Romani
1240 2358 1492 2404 beneficiis‚40

177 2422 352 2463 ‘quanta
372 2415 439 2463 ipsi
475 2413 697 2450 meministis
737 2413 826 2461 (nec
847 2412 946 2448 enim
968 2411 1225 2460 exprobranda
1245 2411 1342 2458 apud
1371 2422 1448 2445 me-

177 2473 198 2489 “
213 2479 334 2504 mores
353 2467 472 2517 sunt),
504 2466 631 2515 gratiae
652 2465 870 2508 reserendae,
900 2472 937 2501 et
965 2465 1053 2500 huic
1074 2464 1156 2500 urbi
1177 2462 1321 2499 decus
1314 2473 1447 2510 ingens
