1617 2765
154 1873 188 2030 n-c.21t).]

155 2092 179 2107 ι’)

162 2137 179 2165 υ·

161 2179 180 2207 ὁ

518 497 669 536 LIBRI
699 498 948 536 VICESIMI
978 497 1178 536 TERTII

679 643 772 674 CAP.
795 643 845 674 XI
857 661 899 666 —
911 643 1008 674 XIII.

530 890 696 912 EPl‘roME
714 890 820 912 LxBRI
838 890 1010 912 VICESIMI
1027 890 1168 911 TERTH.

233 985 373 1009 Canium
389 984 422 1009 ad
435 983 615 1008 Hannibalem
625 984 789 1009 defecerunt.
825 990 874 1010 X1.
899 990 966 1010 111.
989 981 1130 1010 Nuntius
1149 979 1328 1010 Cannensis
1346 980 1489 1011 vicioriae

199 1022 299 1063 Mago
315 1022 538 1062 Carthaginem
556 1023 669 1051 missus
683 1023 816 1051 annulos
833 1032 955 1057 aureos,
973 1032 990 1051 a
1007 1023 1113 1062 digitis
1129 1022 1306 1051 occisorum
1325 1021 1488 1051 Romano-

199 1075 267 1095 rum
280 1065 448 1100 detractos,
465 1064 496 1094 in
512 1064 669 1093 vestibulo
687 1064 779 1093 curiae
797 1063 926 1094 effudit:
953 1073 1032 1102 quos
1049 1064 1228 1093 excessisse
1247 1063 1341 1092 modii
1356 1072 1486 1093 mensu-

199 1116 263 1136 ram
280 1106 417 1136 traditur.
442 1115 507 1136 xu.
525 1115 603 1135 xnr.
621 1106 700 1135 Post
711 1115 805 1144 quem
819 1105 965 1135 nuntium
980 1105 1111 1140 Hanno,
1123 1105 1168 1134 vir
1179 1114 1219 1134 ex
1233 1104 1342 1133 Poenis
1359 1105 1487 1134 nobilis-

199 1149 311 1184 simus,
327 1148 479 1178 suadebat
495 1148 618 1177 senatui
637 1147 958 1195 Carthaginiensium,
984 1152 1019 1176 ut
1043 1156 1154 1185 pacem
1172 1156 1190 1176 a
1206 1146 1322 1184 populo
1340 1146 1486 1176 Romano

199 1192 364 1228 peterent.
388 1198 450 1219 nec
467 1189 579 1224 tenuit,
596 1190 796 1227 obstrepente
821 1185 960 1219 Barcina
984 1187 1132 1218 factione.
1176 1191 1307 1217 Claudius
1330 1191 1486 1223 Marcellus,

199 1234 295 1261 praetor
308 1230 341 1254 ad
355 1229 462 1261 Nolam,
475 1229 613 1260 eruptione
627 1230 753 1253 adversus
766 1229 947 1254 Hannibalem
959 1237 992 1253 ex
1005 1228 1103 1260 oppido
1116 1228 1199 1260 fact-2,
1213 1237 1335 1260 prospere
1349 1229 1487 1261 pugnavit.

198 1262 343 1287 Exercitus
356 1262 515 1287 Hannibalis
528 1269 573 1292 per
586 1262 696 1287 hiberna
707 1262 805 1293 Capuae
817 1262 856 1286 ita
869 1262 1021 1286 luxuriatus
1033 1266 1085 1292 est,
1098 1268 1129 1286 111,
1141 1270 1279 1293 corporum
1295 1262 1394 1286 viribus
1405 1266 1488 1293 atque

199 1295 348 1320 animorum
363 1298 544 1320 enervaretur.
564 1295 726 1325 Casilinum,
736 1303 752 1319 a
763 1294 847 1319 Poenis
855 1294 1003 1325 obsessum,
1017 1294 1055 1318 ita
1066 1294 1136 1318 same
1149 1299 1278 1319 vexatum
1292 1298 1343 1325 est,
1357 1298 1387 1319 ut
1397 1294 1452 1318 lora
1461 1298 1489 1318 et

198 1327 282 1359 pelles
292 1328 376 1353 scutis
385 1328 533 1358 detractas,
543 1327 608 1352 item
619 1335 718 1358 mures,
728 1332 835 1358 essent3
852 1331 879 1351 et
889 1327 1012 1357 nucibus,
1022 1334 1067 1357 per
1079 1327 1243 1351 Vulturnum
1254 1334 1358 1351 amnem
1369 1334 1384 1351 a
1394 1327 1490 1351 Roma-

198 1360 239 1385 nis
252 1360 351 1392 missis,
364 1360 490 1385 vixerint.
525 1360 640 1384 Senatus
652 1367 684 1384 ex
698 1360 814 1391 equestri
827 1360 919 1384 ordine
940 1345 1092 1384 hominibus
1106 1363 1213 1384 centum
1228 1359 1375 1391 nonaginta
1387 1364 1487 1396 septem

198 1393 338 1424 suppletus
348 1397 400 1417 est.
425 1393 457 1417 L.
472 1392 626 1417 Postumius
640 1399 733 1423 praetor
748 1400 764 1416 a
777 1392 862 1416 Gallis
874 1400 935 1416 cum
947 1391 1067 1417 exercitu
1077 1399 1160 1416 caesus
1173 1396 1222 1416 est.
1254 1392 1303 1416 Cn.
1318 1395 1346 1416 et
1359 1392 1388 1416 Ρ.
1402 1392 1466 1423 Scip
1469 1391 1490 1415 i·

197 1433 264 1450 ones
287 1425 314 1450 in
339 1425 470 1456 Hispania
492 1425 688 1449 Hasdrubalem
707 1425 838 1456 vicerunt,
857 1429 884 1449 et
903 1424 1062 1456 Hispaniam
1080 1431 1155 1448 suam
1174 1424 1305 1461 fecerunt.
1358 1424 1490 1456 Reliquiae

197 1457 346 1482 Cannensis
358 1457 493 1482 exercitus
506 1457 532 1482 in
547 1457 670 1482 Siciliam
683 1457 805 1489 relegatae
817 1461 895 1487 sunt3
921 1465 954 1482 ne
974 1457 1133 1481 recederent
1153 1456 1223 1488 inde,
1245 1456 1296 1481 nisi
1317 1456 1392 1481 finito
1405 1457 1487 1481 bello-

197 1489 272 1515 Inter
284 1490 436 1521 Philippum
452 1490 628 1514 Macedonum
642 1498 729 1521 regem
742 1494 772 1514 et
786 1489 963 1514 Hannibalem
981 1489 1095 1514 societas
1115 1489 1211 1521 juncta
1230 1493 1280 1514 est.
1317 1489 1489 1520 Sempronius

197 1522 349 1554 Gracchus,
367 1522 470 1553 consul,
492 1522 645 1553 Campanos
666 1522 776 1547 cecidit.
824 1522 954 1546 Praeterea
975 1521 1002 1546 in
1021 1522 1146 1546 Sardinia
1164 1521 1280 1546 feliciter
1293 1529 1309 1546 a
1327 1521 1363 1546 T.
1384 1522 1487 1546 Manlio

198 1558 309 1587 praetore
322 1555 448 1580 adversus
462 1555 554 1580 Poeno·
569 1555 704 1579 Sardosu
707 1562 775 1580 eres
788 1558 880 1587 gestas
889 1555 1026 1579 continet:
1055 1562 1071 1578 a
1085 1562 1137 1586 quo
1149 1554 1299 1579 Hasdrubal
1312 1554 1403 1586 dux,e
1389 1558 1416 1578 et
1430 1554 1488 1578 Ma-

198 1594 242 1620 go,
254 1592 283 1613 et.
298 1587 393 1613 Hanno
411 1588 494 1619 capti.
531 1587 660 1612 Claudius
712 1588 836 1619 arcellus,
858 1591 964 1619 praetor,
986 1587 1146 1611 Hannibalis
1164 1587 1315 1611 exercitum
1336 1587 1369 1611 ad
1388 1586 1487 1611 Nolam

198 1619 292 1652 proelio
304 1620 372 1645 fudit
385 1623 413 1645 et
424 1620 491 1645 vicit
503 1628 509 1651 ;
527 1620 681 1652 primusque
695 1624 735 1645 tot
747 1620 868 1645 cladibus
878 1620 956 1645 sessis
957 1606 1093 1645 ²Romanis
1101 1619 1321 1652 melioremspem
1328 1619 1393 1645 belli
1402 1619 1487 1644 dedit.

201 1652 280 1686 [Cn.
295 1660 435 1677 1—xmx.
470 1660 500 1678 u.
514 1660 542 1677 c.
554 1653 642 1678 536-
649 1653 708 1678 537.
745 1661 773 1678 Α.
787 1661 815 1678 c.
827 1653 917 1678 216—
924 1653 997 1686 215]

250 1869 324 1907 XI.
381 1897 549 1907 .....
580 1869 750 1907 Nuntius
769 1869 935 1906 victoriae
956 1869 1004 1907 ad
1035 1869 1190 1907 Cannas
1216 1869 1487 1928 Carthaginem

171 1929 354 1966 venerat
372 1922 498 1972 Mago,
520 1922 754 1959 Hamilcaris
774 1922 884 1958 filius.
940 1949 1109 1959 .....
1156 1922 1208 1966 Is,
1241 1934 1356 1970 quum
1377 1922 1411 1958 ei
1432 1935 1489 1958 se-

170 1982 310 2012 natus
329 1976 438 2012 datus
458 1982 570 2018 esset,
591 1988 650 2012 res
665 1981 790 2025 gestas
804 1974 842 2010 in
860 1973 971 2011 Italia
984 1987 1005 2011 a
1018 1974 1129 2012 fratre
1143 1975 1316 2024 exponit:
1349 1980 1372 1998 ‘⁴
1388 1974 1487 2011 Cum

200 2032 224 2052 “
237 2041 303 2064 sex
322 2027 610 2077 imperatoribus
628 2040 729 2071 eum,
749 2039 907 2076 quorum
928 2035 1086 2076 quatuor
1105 2027 1293 2073 consules,
1314 2027 1390 2064 duo
1409 2027 1488 2064 dic-

201 2084 334 2117 “tator
353 2092 398 2117 ac
417 2080 596 2129 magister
628 2080 797 2128 equitum
831 2079 983 2123 fuerint,
1013 2093 1100 2117 cum
1130 2093 1196 2116 sex
1225 2079 1487 2116 consularibus

201 2137 225 2156 “
238 2132 480 2176 exercitibus,
501 2132 584 2169 acie
603 2133 848 2169 conflixisse:
879 2132 1067 2169 occidisse
1088 2145 1200 2181 supra
1219 2132 1386 2168 ducenta
1405 2131 1487 2168 mil-

154 2212 188 2221 .-
201 2184 289 2221 “lia
317 2184 479 2221 hostium
497 2197 505 2220 ε
539 2197 652 2234 supra
669 2184 944 2234 quinquaginta
963 2185 1080 2221 millia
1099 2185 1259 2233 cepisse.
1316 2184 1377 2221 Ex
1398 2196 1487 2232 qua·

201 2241 322 2273 “tuor
333 2237 552 2274 consulibus
565 2237 658 2273 duos
669 2237 876 2282 occidisse3
897 2250 944 2274 ex
960 2237 1108 2274 duobus
1123 2237 1296 2274 saucium
1312 2236 1485 2284 alterum,

202 2292 227 2313 “
240 2289 411 2331 alterum,
432 2296 509 2326 toto
528 2290 696 2326 exercitu
717 2290 868 2337 amisso,
889 2289 949 2326 vix
968 2303 1056 2327 cum
1076 2289 1350 2339 quinquaginta
1369 2288 1487 2326 homi-

158 2355 189 2380 10
202 2345 226 2366 ‘⁶
240 2341 352 2378 nibus
370 2341 560 2390 effugisse.
605 2341 828 2391 Magistrum
846 2342 1027 2390 equitum,
1047 2355 1130 2391 quae
1142 2342 1350 2380 consularis
1365 2349 1486 2390 potes·-

202 2397 298 2430 “tas
317 2393 376 2437 sit,
399 2393 521 2430 susum
544 2393 812 2443 fugatumque:
860 2395 1095 2439 dictatorern,
1129 2395 1216 2444 quia
1244 2407 1284 2431 se
1305 2395 1342 2430 in
1363 2393 1484 2430 aciem

203 2450 435 2495 “nunquam
456 2447 699 2493 commiserit,
719 2447 876 2484 unicum
898 2448 1026 2484 haberi
1048 2448 1321 2497 imperatorem.
1379 2446 1486 2482 Brut-

203 2502 228 2523 “
241 2499 312 2536 tios
332 2499 562 2549 Apulosque,
583 2499 716 2549 partim
738 2500 967 2537 Samnitium
989 2513 1034 2537 ac
1054 2501 1309 2548 Lucanorum,
1329 2498 1487 2536 defecis-
