1626 2753
165 163 190 200 4
576 162 612 193 Τ.
636 162 746 193 LIVII
770 161 1021 193 PRAEFATlo.

167 256 361 293 miscendo
398 256 562 293 humana
598 257 744 302 divinis,
791 256 991 305 primordia
1026 255 1174 292 urbium
1220 255 1433 304 augustiora

169 319 292 356 faciat.
349 319 410 366 Et,
430 320 461 356 si
481 320 543 356 cui
563 320 697 368 populo
716 320 829 355 licere
857 326 1000 368 oportet
1028 331 1249 355 consecrare
1268 318 1432 368 origines

166 397 263 430 suas,
284 391 321 420 et
341 384 387 420 ad
408 384 508 421 Deos
527 384 664 420 referre
685 390 869 425 auctores,
890 395 934 418 ea
953 382 1039 418 belli
1064 382 1182 430 gloria
1210 389 1266 417 est
1297 381 1433 429 populo

168 448 357 491 Romano,
392 455 432 484 ut
451 460 566 495 quum
586 459 695 483 suum
725 445 1000 493 conditorisque
1030 445 1086 480 sui
1106 451 1299 493 parentem
1329 444 1432 480 Mar-

167 519 241 547 tem
258 509 490 559 potissimum
510 510 614 556 ferat,
644 517 719 546 tam
744 516 781 545 et
803 509 873 545 hoo
897 515 1030 557 gentes
1050 508 1223 543 humanae
1244 507 1456 555 patiantur5

167 586 272 622 aequo
301 574 438 616 animo,
461 573 572 621 quam
605 573 803 621 imperium
830 572 1033 620 patiuntur.
1091 570 1167 607 Sed
1198 570 1280 606 haec
1309 577 1347 606 et
1374 570 1431 606 his

166 637 314 683 similia,
335 644 536 684 utcumque
553 636 811 672 animadversa
826 642 889 671 aut
904 634 1117 670 existimata
1132 640 1253 676 erunt,
1271 633 1371 669 haud
1391 633 1430 669 in
1463 673 1469 681 ,

166 712 302 748 magno
334 700 509 748 equidem
541 712 677 748 ponam
710 698 940 735 discrimine.
997 698 1059 734 Ad
1088 697 1151 733 illa
1177 697 1268 733 mihi
1297 709 1363 745 pro
1391 709 1431 733 se

165 763 320 811 quisque
363 763 496 799 acriter
535 763 705 798 intendat
742 761 922 804 animum,
959 772 1040 808 quae
1079 760 1166 803 vita,
1208 747 1288 808 qui.
1309 772 1431 796 mores

166 826 324 870 suerint;
354 838 418 873 per
437 838 527 873 quos
547 825 653 868 viros,
673 825 880 872 quibusque
901 823 1054 866 artibus,
1075 823 1175 859 domi
1201 822 1429 871 militiasque,
1446 837 1475 862 10

165 896 202 925 et
230 896 376 937 partum
396 895 433 924 et
452 895 603 924 auctum
634 887 830 936 imperium
859 887 931 931 sit3
960 886 1110 922 labente
1138 885 1276 922 deinde
1304 886 1430 934 paula-

165 952 231 988 tim
251 951 464 1000 disciplina,
485 951 584 988 velut
608 951 823 987 desidentes
852 950 970 999 primo
999 961 1120 986 mores
1149 956 1323 997 sequatur
1353 949 1431 986 ani-

164 1028 246 1060 mo;
276 1015 412 1051 deinde
432 1022 473 1052 ut
492 1015 610 1064 magis
629 1014 818 1063 magisque
833 1013 926 1062 lapsi
946 1013 1043 1057 sint3
1072 1019 1150 1049 tum
1174 1012 1227 1049 ire
1247 1013 1430 1062 coeperint

163 1079 397 1127 praecipites;
427 1079 548 1115 donec
577 1078 623 1115 ad
651 1079 733 1114 haec
761 1085 939 1125 tempora,
968 1077 1103 1125 quibus
1131 1089 1203 1113 nec
1231 1077 1319 1113 vitia
1347 1089 1430 1113 nos-

164 1151 219 1178 tra
238 1155 310 1178 nec
329 1142 496 1178 remedia
513 1142 589 1190 pati
617 1153 827 1190 possumuS,
846 1148 1066 1189 perventum
1095 1147 1162 1177 est.
1218 1139 1304 1177 Hoc
1337 1140 1428 1176 illud
1444 1149 1474 1174 15

163 1213 220 1242 est
251 1205 436 1254 praecipue
470 1205 508 1241 in
537 1205 752 1254 cognitione
789 1216 913 1240 rerum
942 1204 1088 1240 salubre
1119 1215 1163 1239 ac
1196 1202 1427 1252 frugiferum,

162 1269 285 1306 omnis
304 1276 340 1305 te
365 1268 526 1316 exempli
555 1268 782 1304 documenta
809 1267 848 1303 in
878 1266 1009 1303 illustri
1038 1266 1157 1315 posita
1185 1273 1429 1302 monumento

164 1333 321 1369 intueri:
352 1332 438 1368 inde
458 1331 525 1368 tibi
557 1338 703 1378 tuaeque
723 1330 949 1379 reipufflicae,
969 1330 1068 1378 quod
1097 1329 1256 1375 imitere,
1276 1329 1402 1377 capias
1419 1341 1427 1364 :

164 1397 265 1443 inde,
295 1396 434 1432 foedum
454 1396 620 1443 inceptu,
642 1394 781 1430 foedum
810 1394 924 1437 exitu,
946 1393 1044 1442 quod
1073 1392 1177 1429 vites.
1233 1392 1427 1429 Caeterflm

163 1467 227 1496 aut
247 1472 305 1495 me
326 1472 427 1495 amor
447 1458 588 1507 negotii
616 1457 779 1505 suscepti
809 1457 913 1503 fallit,
933 1463 997 1492 aut
1025 1456 1127 1492 nulla
1161 1468 1325 1503 unquam
1355 1468 1474 1495 res-20

163 1523 314 1572 publica
340 1535 413 1559 nec
440 1522 570 1570 major,
590 1531 662 1558 nec
683 1521 867 1566 sanctior,
887 1533 959 1556 nec
992 1519 1099 1556 bonis
1117 1519 1298 1567 exemplis
1318 1519 1427 1556 ditior

164 1587 258 1631 fuit3
287 1598 361 1622 nec
389 1586 427 1622 in
453 1597 563 1633 quam
593 1584 781 1620 civitatem
810 1591 886 1620 tam
914 1595 1005 1620 serae
1034 1582 1188 1618 avaritia
1206 1582 1426 1631 luxuriaque

163 1649 481 1698 immigraverint3
503 1661 574 1684 nec
591 1647 653 1683 ubi
669 1655 794 1684 tantus
813 1659 858 1683 ac
877 1654 953 1683 tam
973 1646 1037 1682 diu
1055 1645 1263 1694 paupertati
1283 1657 1327 1681 ac
1347 1657 1428 1694 par-

163 1713 332 1750 simoniae
365 1713 484 1749 honos
522 1711 658 1747 fuerit:
701 1709 810 1756 adeo,
838 1710 976 1757 quanto
1003 1721 1127 1745 rerum
1156 1708 1293 1752 minus,
1323 1707 1426 1744 tanto

162 1778 286 1814 minus
305 1775 519 1824 cupiditatis
548 1781 638 1811 erat.
695 1773 826 1822 Nuper
854 1773 991 1809 divitiae
1021 1772 1226 1818 avaritiam,
1245 1779 1282 1808 et
1310 1771 1470 1807 abun-25

161 1841 293 1877 dantes
321 1839 525 1887 voluptates
553 1837 781 1873 desiderium
818 1849 883 1884 per
925 1835 1052 1871 luxum
1091 1842 1201 1882 atque
1228 1834 1424 1870 libidinem

161 1903 343 1952 pereundi
373 1901 627 1951 perdendique
656 1899 783 1937 omnia
810 1898 999 1936 invexere.
1066 1898 1142 1934 Sed
1175 1898 1346 1946 querelae,
1376 1910 1424 1934 ne

160 1975 237 2004 tum
258 1967 406 2015 quidem
427 1972 540 2014 gratae
554 1964 698 2006 suturae,
711 1975 824 2011 quum
842 1962 992 1999 forsitan
1012 1969 1049 1998 et
1069 1961 1289 1997 necessariae
1301 1968 1422 2006 erunt,

160 2031 207 2067 ab
227 2030 332 2066 initio
351 2030 451 2066 certe
472 2035 584 2064 tantae
602 2026 792 2064 ordiendae
808 2025 861 2062 rei
881 2025 1015 2061 absint.
1063 2024 1160 2061 Cum
1174 2024 1281 2060 bonis
1297 2024 1422 2072 potius

159 2093 347 2131 ominibus
367 2092 530 2139 votisque
551 2102 594 2126 ac
614 2088 891 2138 precationibus
911 2087 1075 2124 Deorum
1097 2087 1336 2135 Dearumque
1358 2086 1419 2135 (si,
1434 2097 1466 2122 3ο

160 2165 200 2193 ut
219 2156 350 2205 poetis,
371 2154 478 2191 nobis
497 2165 643 2202 quoque
663 2165 742 2188 mos
761 2151 876 2201 esset)
898 2150 1080 2187 libentius
1096 2150 1360 2199 inciperemus,
1381 2156 1422 2186 ut

158 2219 251 2257 orsis
271 2218 362 2255 tanti
381 2217 503 2266 operis
522 2228 719 2252 successus
737 2226 929 2263 prosperos
948 2214 1093 2250 darent.
