1617 2765
147 181 201 220 96
669 180 760 212 T1T1
785 179 897 211 LIV11

149 275 208 312 his
225 287 308 324 quae
327 276 411 313 acta
430 275 565 313 Romae
586 275 794 321 audierant,
816 274 1033 324 perturbati,
1053 274 1148 311 alius
1164 274 1202 311 in
1222 274 1332 311 aliam
1352 288 1433 324 par-

149 334 224 364 tem
259 335 479 375 castrorum,
511 328 557 364 ad
577 329 764 365 sedandos
795 334 916 363 motus
946 327 1183 364 discurrunt:
1231 334 1268 363 et
1298 327 1432 364 leniter

149 380 349 428 agentibus
368 393 588 429 responsum
608 393 683 416 non
705 379 895 416 redditur:
938 379 1136 427 imperium
1170 379 1200 415 si
1234 379 1316 427 quis
1337 380 1433 416 inhi-

150 432 266 476 beret,
296 435 369 469 “et
399 433 494 469 viros
526 439 564 468 et
596 440 757 468 armatos
790 444 829 468 se
859 430 982 475 esse‚'’
1015 432 1272 480 respondetur.
1330 431 1435 468 Eunt

149 485 300 533 agmine
321 485 366 521 ad
388 485 528 521 Urbem
562 491 599 520 et
632 484 865 520 Aventinum
899 483 1089 528 insidunt3
1136 491 1177 520 ut
1196 484 1352 532 quisque
1372 496 1435 520 oc·
1463 489 1477 514 ⁵

149 544 329 580 currerat,
367 536 514 585 plebem
553 536 599 572 ad
639 536 883 585 repetendam
922 535 1132 572 libertatem
1175 536 1434 583 creandosque

149 588 320 625 tribunos
340 589 459 637 plebis
478 589 720 625 adhortantes
739 601 746 625 :
790 588 862 624 alia
888 600 959 624 vox
990 588 1093 624 nulla
1125 587 1287 624 violenta
1307 587 1437 624 audita

148 647 217 677 est.
275 642 457 678 Senatum
480 641 544 689 Sp.
565 640 713 689 Oppius
734 640 871 676 habet:
915 640 1008 676 nihil
1042 640 1166 689 placet
1195 639 1326 688 aspere
1348 639 1433 688 agi;

148 693 285 741 quippe
324 694 370 729 ab
399 693 489 741 ipsis
518 693 647 729 datum
677 693 803 729 locum
832 692 1026 728 seditionis
1061 705 1156 728 esse.
1231 691 1436 729 Mittuntur

153 751 229 781 tres
249 745 362 794 legati
383 745 612 790 consulares,
634 745 699 792 Sp.
720 744 922 792 Tarpejus,
943 743 987 779 C.
1008 743 1145 787 Julius,
1167 743 1208 780 P.
1231 744 1435 792 Sulpicius,
1452 749 1482 774 10

148 798 213 844 qui
232 804 444 845 quaererent
463 797 614 832 senatus
633 796 769 843 verbis,
799 798 822 817 “
840 796 949 845 cujus
976 795 1084 844 jussu
1113 802 1236 831 castra
1254 796 1439 832 deseruis-

148 850 172 870 “
190 850 304 885 sent?
335 856 399 885 aut
417 848 506 896 quid
526 848 597 885 sibi
631 848 780 893 vellent,
815 848 878 896 qui
913 847 1044 884 armati
1080 847 1314 884 Aventinum
1333 847 1439 884 obse·

149 901 174 923 “
188 902 353 946 dissent;
385 901 556 949 belloque
577 913 706 937 averso
726 900 773 936 ab
794 900 975 946 hostibus,
1009 899 1165 948 patriam
1192 912 1298 936 suam
1319 899 1440 948 cepis-

151 955 176 976 “
191 955 300 990 sent?
317 954 339 970 '’
413 953 502 990 Non
540 953 672 996 defuit,
711 953 800 1001 quid
836 952 1148 1001 responderetur:
1196 952 1337 995 deerat,
1375 951 1438 1000 qui

150 1006 257 1043 daret
275 1018 510 1055 responsum,
545 1005 648 1041 nullo
680 1005 770 1041 dum
791 1011 894 1041 certo
925 1005 1038 1050 duce,
1067 1017 1140 1040 nec
1160 1004 1250 1040 satis
1270 1004 1440 1041 audenti·
1454 1011 1483 1037 15

150 1058 220 1095 bus
240 1058 399 1107 singulis
419 1058 569 1094 invidiae
590 1070 629 1093 se
648 1057 794 1093 offerre.
852 1056 895 1092 Id
917 1056 1027 1093 mod&
1048 1069 1070 1092 a
1088 1056 1328 1092 multitudine
1351 1069 1440 1092 con-

149 1111 355 1147 clamatum
375 1117 444 1154 est,
479 1112 503 1131 ‘⁶
518 1117 558 1146 ut
578 1109 622 1146 L.
644 1109 838 1146 Valerium
869 1116 907 1145 et
928 1108 980 1145 M.
1003 1108 1203 1146 Horatium
1229 1109 1276 1144 ad
1296 1121 1335 1145 se
1356 1108 1440 1145 mit-

150 1164 311 1200 “terent
328 1176 337 1199 z
369 1163 426 1199 his
446 1175 486 1198 se
507 1162 659 1198 daturos
678 1162 936 1211 responsum.'’

204 1267 270 1304 LI.
314 1267 654 1316 Dimissislegatis,
690 1267 868 1304 admonet
900 1266 1038 1303 milites
1059 1264 1270 1315 VirginiuS,
1304 1265 1379 1302 “in
1400 1277 1440 1302 re

150 1322 264 1357 “non
286 1321 448 1357 maxima
468 1318 579 1368 paulo
599 1318 687 1356 ante
715 1320 941 1368 trepidatum
975 1331 1072 1362 esse,
1106 1318 1195 1366 quia
1214 1317 1296 1354 sine
1317 1318 1440 1366 capite
1453 1326 1486 1350 20

151 1375 176 1395 “
190 1373 390 1410 multitudo
411 1372 544 1409 fuerit:
574 1384 883 1430 responsumque,
904 1383 1131 1420 quamquam
1151 1383 1227 1407 non
1247 1370 1440 1416 inutiliter,

151 1425 341 1462 “fortuito
373 1433 500 1462 tamen
530 1424 651 1474 magis
687 1437 890 1469 consenSU‚
927 1436 1039 1472 quam
1070 1423 1263 1460 communi
1284 1422 1443 1459 consilio

151 1481 282 1514 “esse.
341 1477 497 1514 Placere
527 1477 661 1513 decern
691 1476 823 1522 creari,
854 1476 918 1524 qui
952 1487 1108 1512 summae
1141 1475 1194 1511 rei
1211 1481 1441 1543 praeessent,

151 1530 416 1588 “militarique
449 1530 590 1566 honore
627 1529 797 1565 tribunos
826 1528 986 1564 militum
1016 1526 1234 1576 appellarif’
1306 1526 1441 1566 Quum

152 1583 201 1621 ad
239 1595 328 1619 eum
357 1583 480 1631 ipsum
517 1581 679 1630 primum
709 1581 739 1617 is
768 1581 887 1617 honos
916 1580 1137 1625 deferretur,
1177 1581 1200 1600 “
1218 1577 1486 1615 Melioribusffi

152 1635 285 1672 “meis
306 1634 511 1682 vestrisque
533 1634 645 1670 rebus
677 1632 1059 1680 reservate‚'’inquit‚
1080 1631 1191 1667 “ista
1219 1631 1266 1667 de
1295 1643 1355 1667 me
1385 1630 1444 1679 ju-

153 1687 302 1723 “dicia.
359 1686 446 1723 Nec
483 1685 575 1724 rnihi
613 1685 690 1722 filia
726 1684 846 1721 inulta
876 1685 1054 1721 honorem
1086 1683 1203 1720 ullum
1227 1682 1442 1732 Jucundum

153 1745 277 1776 “esse
313 1739 479 1788 patitur3
526 1750 598 1774 nec
627 1738 665 1774 in
693 1737 911 1795 perturbata
948 1736 1141 1795 republica
1174 1748 1239 1772 eos
1267 1735 1357 1771 utile
1386 1741 1443 1771 est

153 1799 351 1841 “praeesse
389 1790 506 1833 vobis,
535 1790 598 1839 qui
635 1789 796 1838 proximi
825 1789 975 1826 invidiae
1011 1788 1097 1825 sint.
1172 1788 1213 1825 Si
1242 1787 1325 1836 quis
1353 1799 1443 1823 usus

152 1844 264 1881 “mei
302 1850 372 1890 est,
410 1843 528 1879 nihilo
565 1842 687 1879 minor
716 1855 763 1878 ex
795 1841 938 1890 privato
958 1841 1164 1889 capieturss'
1221 1839 1280 1876 Ita
1307 1839 1487 1875 decem-10

152 1909 312 1933 numero
331 1895 502 1932 tribunos
523 1895 703 1930 militares
723 1901 865 1930 creant.
922 1893 1058 1941 Neque
1079 1893 1116 1928 in
1134 1891 1286 1928 Sabinis
1301 1891 1442 1939 quievit

152 1948 367 1985 exercitus:
398 1947 448 1983 ibi
469 1959 628 1995 quoque,
650 1952 803 1982 auctore
826 1945 933 1981 Icilio
953 1944 1256 1992 Numitorioque,
1277 1943 1442 1980 secessio

153 2001 201 2038 ab
221 1999 448 2037 decemviris
468 1999 568 2035 sacta
586 2005 655 2045 est,
676 2010 751 2034 non
782 1997 927 2033 minore
960 2004 1063 2033 motu
1090 1995 1300 2032 animorum
1323 1995 1442 2032 Siccii

153 2053 269 2090 caedis
288 2051 471 2089 memoria
490 2052 677 2097 revocata,
697 2049 810 2098 quan]
844 2062 955 2097 quem
989 2061 1085 2085 nova
1111 2048 1210 2084 fama
1229 2048 1275 2084 de
1296 2047 1442 2096 virgine

153 2106 248 2142 adeo
270 2104 366 2141 foede
387 2104 433 2140 ad
467 2103 664 2140 libidinem
698 2101 815 2151 petita
844 2101 1084 2137 accenderat.
1141 2099 1274 2137 Icilius
1293 2100 1357 2136 ubi
1378 2104 1487 2136 {tu-35

156 2158 264 2200 divit,
287 2157 458 2193 tribunos
477 2155 666 2192 militurn
659 2168 696 2191 in
718 2154 910 2190 Aventino
942 2161 1100 2196 creatos,
1135 2165 1183 2189 ne
1204 2152 1441 2189 comitiorum

155 2210 373 2246 militarium
394 2208 676 2258 praerogativam
697 2207 841 2243 urbana
861 2206 1014 2242 comitia
1034 2205 1167 2242 iisdem
1187 2204 1348 2241 tribunis
1366 2204 1444 2262 ple-

155 2262 213 2298 bis
232 2262 407 2298 creandis
427 2268 684 2319 sequerentur,
705 2259 848 2308 peritus
880 2271 1004 2294 rerum
1038 2257 1288 2316 popularium,
1322 2256 1443 2293 immi-

155 2326 326 2361 nensque
346 2313 380 2350 ei
401 2312 588 2361 potestati,
618 2318 656 2348 et
675 2312 753 2360 ipse
787 2310 898 2359 prlus,
933 2323 1046 2368 quam
1068 2310 1182 2346 iretur
1211 2310 1258 2345 ad
1287 2309 1441 2352 Urbem,

156 2366 238 2415 pari
259 2373 442 2414 potestate
461 2365 638 2401 eumdem
672 2376 872 2400 numerum
903 2363 949 2399 ab
978 2362 1055 2399 suis
1085 2362 1292 2398 creandum
1323 2372 1441 2398 curat.
1456 2372 1487 2396 40

158 2418 273 2455 Porta
293 2417 441 2454 Collina
475 2417 615 2453 Urbem
647 2415 832 2452 intravere
863 2416 932 2451 sub
966 2415 1097 2464 signis,
1128 2414 1324 2472 mediaque
1351 2413 1443 2449 urbe

160 2470 313 2521 agmine
333 2470 371 2506 in
403 2470 636 2506 Aventinum
659 2476 845 2517 pergunt:
895 2467 959 2512 ibi,
991 2466 1186 2517 conjuncti
1207 2466 1311 2503 alteri
1341 2477 1445 2502 exer-
