1617 2765
137 173 216 210 256
667 171 755 203 T1T1
780 172 890 203 Livii

141 265 262 302 “usui
282 273 381 303 sunt.
437 266 534 302 Haec
554 279 666 314 quum
701 267 751 303 ita
784 267 918 303 natura
946 266 1124 303 distincta
1156 267 1242 310 sint,
1263 280 1308 304 ex
1328 276 1409 305 utro

142 318 331 354 “tandem
367 331 506 367 genere
535 331 580 354 ea
607 318 667 355 lex
695 331 777 355 esse
806 319 964 365 videtur,
1003 331 1113 366 quam
1153 319 1409 368 abrogamus?

141 376 164 393 “
177 370 241 406 An
263 378 366 406 vetus
385 371 488 419 regia
507 370 579 417 lex,
599 371 708 407 simul
728 383 815 407 cum
836 371 913 419 ipsa
933 371 1024 407 urbe
1044 378 1132 407 nata
1149 373 1162 407 7
1210 372 1271 408 An
1295 372 1409 420 (quod

141 428 164 445 ‘⁵
179 422 387 459 secundum
406 423 480 472 est)
501 422 548 458 ab
567 423 789 459 decemviris
809 423 854 458 ad
889 423 1088 459 condenda
1113 424 1196 472 jura
1217 425 1353 460 creatis
1372 425 1409 460 in

141 474 377 510 “duodecim
396 474 532 510 tabulis
560 475 727 523 scripta?
774 475 855 510 sine
875 475 948 522 qua
967 487 1079 522 quum
1107 476 1265 523 majores
1295 477 1409 513 nostri
1440 484 1456 508 5

141 533 164 548 “
179 538 253 562 non
292 526 542 562 existimarint
570 526 687 563 decus
725 526 930 563 matronale
968 527 1104 563 servari
1144 539 1263 575 posse,
1303 528 1411 564 nobis

140 584 164 601 ‘⁵
178 590 323 626 quoque
344 577 546 613 verendum
567 578 625 621 sit,
647 591 694 615 ne
714 591 799 615 cum
827 579 872 614 ea
901 579 1081 626 pudorem
1101 579 1411 628 sanctitatemque

141 636 164 653 “
179 630 414 666 foeminarum
435 630 668 677 abrogemus.
723 629 825 668 Quis
844 631 955 678 igitur
988 631 1121 673 nescit,
1149 644 1281 667 novam
1303 632 1410 668 istam

141 688 164 704 “
178 681 299 730 legem
319 694 414 724 esse,
434 681 486 720 Q.
508 681 627 718 Fabio
646 689 684 718 et
702 681 765 718 Ti.
789 682 1010 729 Sempronio
1030 683 1259 730 consulibus,
1281 683 1410 732 viginti

139 737 162 756 “
177 734 286 769 annis
305 732 392 769 ante
413 733 524 769 latam
544 735 557 768 Τ
601 734 682 770 sine
701 734 774 781 qua
794 746 907 781 quum
926 746 991 781 per
1021 741 1073 770 tot
1092 747 1210 770 annos
1233 742 1411 772 matronae
1427 740 1459 764 10

140 785 328 833 “optimis
365 786 530 821 moribus
563 785 734 831 vixerint,
762 785 859 833 quod
889 786 1055 832 tandem,
1085 798 1132 821 ne
1162 786 1340 834 abrogata
1367 790 1411 822 ea

139 844 163 860 “
176 837 415 873 effundantur
435 838 480 873 ad
501 837 700 884 luxuriam,
722 837 931 886 periculum
951 838 1036 873 est?
1092 837 1194 874 Nam
1213 838 1243 874 si
1265 838 1334 874 ista
1353 839 1413 875 lex

140 889 261 925 “ideo
280 889 354 925 lata
373 897 482 935 esset,
504 897 544 926 ut
563 889 687 926 finiret
718 889 914 925 libidinem
943 889 1177 935 muliebrem,
1207 890 1412 926 verendum

140 941 283 984 “foret,
313 954 361 977 ne
391 941 566 990 abrogata
596 942 782 978 incitaret.
839 941 917 978 Cur
946 942 993 978 sit
1021 949 1145 978 autem
1174 942 1261 985 lata,
1291 942 1411 990 ipsum

140 993 396 1047 “[indicavit]
437 1000 596 1041 ternpus.
670 993 863 1029 Hannibal
893 993 931 1030 in
962 993 1071 1030 Italia
1100 1001 1192 1040 erat,
1221 994 1337 1030 victor
1366 994 1412 1030 ad
1428 1004 1456 1029 1⁵

139 1045 359 1081 “Cannas:
386 1058 462 1094 jam
483 1045 708 1088 Tarentum,
735 1045 812 1094 jam
833 1045 967 1093 Arpos,
993 1046 1070 1094 jam
1101 1046 1271 1094 Capuam
1302 1046 1414 1082 habe-

139 1104 162 1120 “
176 1097 238 1133 bat
256 1110 263 1133 :
300 1098 347 1133 ad
377 1097 507 1133 urbem
536 1097 701 1134 Romam
731 1098 946 1133 admoturus
965 1097 1171 1133 exercitum
1193 1098 1412 1134 videbatur:

138 1156 162 1172 “
176 1148 395 1185 defecerant
414 1149 529 1185 socii:
573 1162 648 1185 non
669 1149 805 1185 milites
825 1149 862 1184 in
883 1149 1197 1196 supplementum,
1224 1162 1298 1186 non
1319 1150 1414 1186 soci-

139 1208 217 1236 “os
236 1201 388 1237 navales
408 1201 453 1236 ad
474 1201 632 1237 classem
666 1200 859 1242 tuendam,
890 1213 965 1236 non
996 1201 1197 1248 pecuniam
1227 1201 1264 1237 in
1285 1202 1414 1238 aerario

139 1253 407 1289 “habebamus
424 1266 432 1289 :
479 1253 586 1298 servi,
606 1252 741 1300 quibus
771 1264 874 1288 arma
904 1252 1095 1299 darentur,
1125 1253 1176 1289 ita
1196 1261 1235 1290 ut
1253 1253 1412 1301 pretium
1427 1263 1460 1288 ω

139 1312 240 1353 “pro
260 1305 305 1341 iis
325 1305 422 1342 bello
441 1305 606 1353 perfecto
639 1304 801 1341 dominis
835 1304 1051 1347 solveretur,
1085 1305 1329 1341 emebantur:
1375 1305 1413 1342 in

138 1357 348 1393 “eamdem
369 1357 468 1393 diem
489 1357 674 1406 pecuniae,
704 1357 946 1399 frumentum,
976 1363 1014 1392 et
1041 1365 1190 1400 caetera‚
1219 1370 1301 1405 quae
1328 1357 1414 1394 belli

138 1417 162 1433 “
176 1422 265 1445 usus
284 1409 531 1458 postulabant,
551 1409 753 1458 praebenda
772 1408 964 1457 publicani
994 1421 1033 1445 se
1063 1410 1316 1446 conducturos
1336 1422 1416 1458 pro-

139 1469 162 1485 “
178 1461 264 1497 fessi
283 1469 390 1498 erant
407 1475 415 1497 ε
446 1474 570 1498 servos
590 1461 636 1497 ad
655 1473 814 1503 remum,
832 1473 988 1497 numero
1004 1473 1051 1497 ex
1067 1474 1184 1497 censu
1199 1462 1458 1546 constituto,25

139 1521 163 1537 ‘⁶
177 1525 263 1550 cum
284 1514 469 1562 stipendio
489 1521 614 1550 nostro
632 1513 838 1549 dabamus.
868 1525 999 1548 aurum
1019 1520 1057 1549 et
1079 1520 1274 1562 argentum
1289 1525 1414 1560 omne,

139 1573 163 1589 “
177 1566 223 1601 ab
243 1566 477 1602 senatoribus
496 1566 577 1614 ejus
596 1565 649 1601 rei
670 1565 776 1601 initio
795 1572 886 1607 orto,
920 1564 958 1601 in
985 1565 1184 1623 publicum·
1198 1532 1458 1601 conferebas,

141 1625 287 1654 “mus:
334 1618 455 1654 viduae
475 1625 512 1654 et
532 1617 660 1666 pupilli
688 1617 872 1665 pecunias
900 1629 986 1652 suas
1015 1617 1052 1653 in
1083 1617 1253 1653 aerarium
1274 1616 1416 1653 desere-

140 1677 163 1693 “
178 1669 290 1706 bant:
320 1679 472 1706 cautum
492 1677 583 1714 erat,
613 1669 686 1717 quo
717 1681 764 1705 ne
785 1668 866 1726 plus
886 1669 965 1704 auri
986 1676 1023 1705 et
1046 1670 1190 1717 argenti
1212 1668 1312 1714 facti,
1342 1668 1415 1716 quo

140 1729 225 1758 “ne
254 1721 337 1770 plus
367 1721 503 1770 signati
533 1721 678 1770 argenti
711 1728 748 1757 et
777 1720 873 1767 aeris,
903 1721 1003 1757 domi
1034 1721 1271 1757 haberemus.
1328 1720 1415 1757 Tali

141 1781 163 1797 “
177 1780 344 1822 tempore
373 1773 410 1810 in
440 1773 588 1810 luxuria
607 1780 643 1810 et
662 1780 794 1809 ornatu
815 1779 994 1809 matronae
1013 1780 1208 1821 occupatae
1238 1785 1357 1819 erant,
1377 1781 1416 1809 ut
1429 1782 1462 1808 30

141 1833 164 1849 ‘⁶
178 1826 223 1862 ad
244 1838 327 1861 eam
348 1826 596 1862 coercendam
617 1825 676 1861 lex
695 1825 820 1873 Oppia
839 1825 1051 1861 desiderata
1071 1825 1145 1862 sit?
1182 1837 1310 1873 quum,
1331 1825 1417 1872 quia

141 1877 329 1913 “Cereris
362 1877 602 1920 sacrificium,
633 1877 849 1925 lugentibus
881 1877 1055 1913 omnibus
1085 1877 1276 1921 matronis,
1306 1877 1417 1912 inter·

142 1928 335 1965 “missum
355 1936 445 1974 erat,
473 1936 624 1964 senatus
654 1928 751 1964 finiri
782 1928 924 1963 luctum
955 1928 1108 1976 triginta
1140 1928 1274 1963 diebus
1294 1928 1414 1976 jussit.

142 1981 253 2017 “Cui
284 1993 359 2017 non
389 1987 553 2038 apparet,
576 1980 738 2028 inopiam
767 1986 804 2014 et
833 1978 1021 2014 miseriam
1052 1979 1223 2024 civitatis,
1261 1988 1297 2016 et
1330 1980 1415 2027 quia

142 2032 349 2069 “omnium
369 2033 594 2081 privatorum
616 2031 786 2089 pecuniae
806 2030 845 2066 in
878 2043 987 2066 usum
1013 2031 1205 2079 publicum
1226 2031 1415 2067 vertendae
1429 2042 1461 2066 35

143 2092 166 2108 ‘⁸
180 2092 298 2130 erant,
319 2084 427 2121 istam
447 2084 568 2132 legem
590 2083 795 2132 scripsisse,
815 2082 958 2118 tamdiu
979 2095 1206 2126 mansuram,
1237 2083 1414 2131 quamdiu

143 2144 296 2173 “causa
327 2137 537 2173 scribendae
565 2135 659 2184 legis
688 2134 919 2171 mansisset?
993 2134 1093 2171 Nam
1131 2135 1174 2178 si,
1214 2147 1296 2183 quae
1325 2142 1416 2171 tunc

143 2188 358 2237 “temporis
377 2188 494 2224 causa
512 2195 576 2224 aut
594 2187 759 2223 decrevit
778 2193 940 2231 senatus,
962 2194 1025 2222 aut
1050 2187 1208 2236 populus
1232 2186 1355 2236 jussit,
1378 2187 1415 2223 in

144 2247 402 2288 “perpetuum
423 2239 560 2276 servari
589 2246 745 2287 oportet,
774 2250 841 2274 cur
869 2238 1050 2286 pecunias
1078 2239 1269 2275 reddimus
1298 2238 1417 2287 priva-

145 2292 260 2328 “tis'l
307 2304 374 2328 cur
404 2292 555 2340 publica
587 2290 760 2339 praesenti
789 2290 952 2338 pecunia
980 2290 1174 2327 locamus?
1219 2303 1286 2326 cur
1307 2290 1414 2332 servi,
1430 2301 1461 2325 40

145 2344 244 2392 “qui
264 2344 438 2386 militent,
472 2356 546 2379 non
578 2342 779 2378 emuntur?
822 2354 889 2378 cur
909 2342 1040 2390 privati
1061 2356 1134 2380 non
1156 2343 1288 2379 damus
1308 2342 1416 2378 remi·

145 2403 169 2420 “
181 2408 261 2446 ges,
281 2395 379 2432 sicut
397 2402 489 2432 tunc
508 2395 680 2431 dedimus
697 2395 710 2428 ’ἒ
