1638 2765
609 214 744 244 LIBER
768 213 793 244 1.
823 221 903 243 mr.
921 223 969 243 xx.
1380 215 1428 251 13

211 311 262 348 X.
291 310 375 347 Jam
398 309 599 345 admodum
633 308 790 357 mitigati
821 308 935 344 animi
964 307 1078 356 raptis
1097 314 1224 345 erant:
1254 315 1291 344 at
1309 315 1429 356 rapta-

159 375 240 400 rum
275 368 447 410 parentes
482 368 560 396 tum
596 360 759 396 maxime
798 360 948 396 sordida
982 368 1081 396 veste
1114 360 1360 408 lacrymisque
1393 368 1430 398 et

159 414 318 462 querelis
337 413 507 449 civitates
526 412 790 448 concitabant:
819 425 891 448 nec
911 412 1010 447 domi
1034 412 1179 448 tantum
1205 412 1430 460 indignatio-

158 478 226 502 nes
261 465 517 507 continebant,
548 465 611 500 sed
649 464 974 512 congregabantur
1011 464 1176 511 undique
1213 464 1259 500 ad
1295 464 1428 500 Titum

131 517 328 563 5Tatium,
347 529 474 565 regem
505 516 755 552 Sabinorum:
785 522 822 552 et
854 516 1061 563 legationes
1089 515 1149 559 eo,
1182 515 1282 564 quod
1315 517 1429 552 maxi-

159 582 261 606 mum
297 569 400 605 Tatii
433 581 570 604 nomen
601 568 638 603 in
670 567 727 603 his
762 568 979 616 regionibus
1014 574 1105 610 erat,
1142 568 1429 605 conveniebant.

159 621 407 657 Caeninenses
429 620 736 667 Crustuminique
765 626 802 655 et
835 620 1083 656 Antemnates
1112 627 1231 662 erant,
1263 620 1308 656 ad
1337 633 1430 668 quos

159 673 240 722 ejus
259 673 403 721 injuriae
423 685 507 720 pars
526 672 748 720 pertinebat.
805 670 927 708 Lente
948 684 1058 720 agere
1088 672 1133 707 iis
1159 672 1295 708 Tatius
1323 673 1431 709 Sabi-

159 725 272 772 nique
291 725 358 760 visi
378 730 475 760 sunt.
533 723 608 772 lpsi
638 723 734 760 inter
762 736 801 759 se
830 730 904 759 tres
935 724 1061 772 populi
1084 724 1334 761 communiter
1354 725 1431 760 bel-

117 786 147 811 10
160 777 235 813 lum
255 783 398 825 parant.
454 776 514 812 Ne
536 776 770 812 Crustumini
789 775 939 823 quidem
957 783 1065 823 atque
1082 776 1346 823 Antemnates,
1365 789 1430 825 pro

161 829 291 865 ardore
322 828 449 876 iraque
482 827 780 870 Caeninensium,
800 828 889 864 satis
917 840 956 863 se
990 827 1148 876 impigre
1179 836 1349 865 movent:
1380 829 1430 865 ita

161 893 225 929 per
244 893 283 916 se
304 881 424 928 ipsum
443 892 579 916 nomen
600 879 800 915 Caeninum
817 880 853 915 in
872 892 1000 928 agrum
1019 880 1236 916 Romanum
1250 881 1428 928 impetum

162 932 261 968 facit.
319 932 395 968 Sed
424 931 543 968 effuse
570 931 800 967 vastantibus
830 931 870 967 fit
897 932 1028 967 obvius
1056 945 1143 968 cum
1167 933 1333 969 exercitu
1353 933 1431 969 Ro-

160 984 296 1026 mulus,
310 983 455 1030 levique
468 983 672 1019 certamine
685 983 806 1027 docet,
819 995 951 1019 vanam
969 984 1050 1019 sine
1063 983 1201 1019 viribus
1218 984 1308 1020 iram
1325 997 1406 1020 esse
1422 998 1428 1021 :

118 1045 148 1068 15
161 1035 366 1071 exercitum
397 1035 519 1071 fundit
551 1034 749 1083 fugatque:
789 1034 913 1070 fusum
941 1035 1195 1083 persequitur:
1234 1048 1360 1085 regem
1391 1037 1427 1073 in

159 1087 289 1135 proelio
317 1087 530 1133 obtruncat,
559 1094 596 1123 et
624 1087 780 1135 spoliat:
811 1087 908 1123 duce
938 1088 1099 1138 hostium
1128 1088 1268 1131 occiso,
1299 1089 1429 1126 urbem

153 1139 278 1187 ¹primo
310 1139 450 1187 impetu
479 1138 590 1187 capit.
646 1139 741 1175 Inde
770 1139 936 1175 exercitu
965 1139 1105 1176 victore
1135 1141 1302 1185 reducto,
1337 1141 1428 1189 ipse,

159 1204 274 1239 quum
307 1191 414 1227 factis
432 1191 486 1227 vir
516 1191 752 1239 magnificus,
773 1198 851 1227 tum
884 1191 1064 1228 factorum
1093 1199 1296 1229 ostentator
1330 1194 1428 1230 haud

159 1243 292 1288 minor,
312 1243 429 1291 spolia
452 1243 560 1279 ducis
589 1243 748 1279 hostium
779 1243 866 1279 eaesi
896 1256 1078 1292 suspensa
1107 1244 1286 1281 fabricato
1316 1246 1361 1281 ad
1392 1246 1429 1282 id

116 1294 245 1343 soapte
283 1295 424 1332 ferculo
459 1307 607 1343 gerens,
638 1295 675 1331 in
708 1295 935 1344 Capitolium
968 1296 1186 1333 adscendit:
1223 1297 1348 1345 ibique
1384 1310 1429 1334 ea

159 1359 273 1394 quum
294 1347 340 1382 ad
358 1359 536 1395 quercum
555 1347 763 1395 pastoribus
783 1360 925 1383 sacram
947 1348 1191 1396 deposuisset,
1212 1350 1321 1386 simul
1342 1363 1427 1386 cum

161 1399 259 1435 dono
287 1399 496 1447 designavit
531 1399 669 1447 templo
699 1399 802 1435 Jovis
830 1399 938 1443 fines,
968 1412 1253 1449 cognomenque
1287 1402 1430 1439 addidit

161 1450 266 1487 Deo:
297 1453 319 1470 “
336 1450 483 1498 Jupiter
502 1450 686 1495 Feretri,'’
706 1451 838 1498 inquit,
860 1458 883 1474 “
898 1452 979 1488 haec
1011 1453 1078 1488 tibi
1109 1453 1224 1489 victor
1242 1454 1430 1490 Romulus

161 1509 186 1524 ‘⁴
202 1515 269 1538 rex
288 1503 392 1550 regia
410 1514 512 1538 arma
525 1502 623 1546 fero;
644 1503 898 1551 templumque
912 1504 955 1539 iis
968 1504 1197 1552 regionibuS,
1214 1518 1305 1553 quas
1317 1507 1428 1543 modo

115 1554 326 1592 2⁵“anim0
353 1560 514 1590 metatus
542 1567 638 1600 sum,
667 1555 815 1598 dedico,
846 1556 972 1592 sedem
1003 1556 1143 1604 opimis
1165 1558 1303 1605 spoliis,
1333 1571 1428 1606 quae,

161 1609 183 1625 “
201 1606 351 1654 regibus
367 1606 601 1654 ducibusque
614 1606 775 1642 hostium
791 1607 910 1653 caesis,
932 1620 991 1644 me
1011 1616 1201 1645 auctorem
1215 1618 1428 1657 sequentes,

161 1664 185 1680 “
201 1658 338 1706 posteri
359 1658 514 1694 ferent.’'
571 1658 667 1694 Haec
686 1659 813 1707 templi
833 1669 889 1695 est
916 1660 1034 1709 origo,
1054 1661 1152 1708 quod
1171 1661 1332 1710 primum
1351 1675 1430 1699 om-

159 1709 263 1745 nium
283 1710 417 1746 Romae
436 1716 622 1746 sacratum
643 1717 710 1747 est.
766 1711 824 1747 Ita
843 1712 980 1748 deinde
1000 1712 1084 1748 Diis
1103 1713 1236 1757 visum,
1257 1727 1330 1750 nec
1350 1715 1429 1751 irri-

159 1768 232 1797 tam
253 1762 456 1798 conditoris
474 1763 601 1810 templi
622 1775 752 1799 vocem
773 1775 868 1805 esse,
888 1764 962 1811 qua
990 1765 1129 1801 laturos
1151 1778 1196 1801 ea
1215 1766 1331 1813 spolia
1349 1779 1430 1814 pos-

114 1820 257 1850 soteros
285 1814 538 1862 nuncupavit3
578 1827 663 1857 nec,
695 1815 934 1851 multitudine
967 1824 1195 1865 compotum,
1229 1818 1311 1867 ejus
1339 1820 1428 1856 doni

159 1865 299 1914 vulgari
327 1865 490 1902 laudem.
559 1865 657 1902 Bina
688 1874 828 1915 postea,
859 1868 955 1904 inter
983 1876 1036 1905 tot
1068 1881 1199 1916 annos,
1233 1877 1286 1906 tot
1317 1871 1427 1914 bella,

156 1917 281 1966 opima
298 1925 402 1967 parta
421 1925 508 1955 sunt
527 1918 644 1967 spolia
661 1931 669 1954 :
699 1919 793 1955 adeo
814 1932 895 1956 rara
913 1920 994 1969 ejus
1014 1921 1163 1958 fortuna
1181 1922 1327 1959 decoris
1346 1923 1427 1960 suit.

208 2021 281 2059 XI.
312 2022 413 2059 Dum
433 2035 478 2059 ea
505 2022 556 2060 ibi
577 2023 743 2060 Romani
762 2031 911 2072 gerunt,
932 2025 1220 2062 Antemnatium
1240 2027 1428 2064 exercitus

156 2085 222 2121 per
239 2075 479 2112 occasionem
498 2087 543 2111 ac
572 2076 811 2112 solitudinem
841 2077 1022 2113 hostiliter
1051 2079 1089 2114 in
1119 2078 1213 2114 fines
1233 2079 1428 2116 Romanos

114 2125 410 2163 asinoursionem
444 2127 558 2164 facit:
587 2127 720 2176 raptim
748 2134 786 2164 et
814 2129 861 2164 ad
890 2129 956 2165 hos
985 2129 1162 2166 Romana
1189 2131 1287 2180 legio
1313 2132 1428 2169 ducta

158 2177 301 2224 palatos
329 2178 367 2214 in
397 2179 496 2227 agris
523 2180 717 2228 oppressit.
784 2180 875 2216 Fusi
909 2181 1022 2229 igitur
1056 2183 1176 2230 primo
1213 2184 1354 2231 impetu
1391 2192 1428 2221 et

159 2228 319 2265 clamore
339 2230 462 2267 'nostes
480 2243 488 2267 ε
516 2232 694 2280 oppidum
713 2239 863 2280 captum
879 2245 887 2268 :
917 2234 1131 2282 duplicique
1147 2235 1302 2272 victoria
1317 2249 1428 2272 ovan-

161 2286 235 2315 tem
255 2280 461 2319 Romulum
481 2283 646 2320 Hersilia
675 2284 825 2332 conjux,
845 2286 1020 2333 precibus
1051 2293 1238 2334 raptarum
1260 2287 1426 2337 fatigata,

158 2338 250 2374 orat,
281 2338 321 2368 ut
349 2335 564 2381 parentibus
592 2348 721 2372 earum
747 2337 811 2387 det
838 2337 999 2381 veniam,
1026 2346 1064 2375 et
1091 2339 1130 2375 in
1159 2339 1346 2376 civitatem
1368 2353 1427 2376 ac-

115 2391 147 2416 40
160 2382 294 2430 cipiat3
324 2384 376 2420 ita
403 2397 480 2422 rem
513 2387 725 2424 coalescere
754 2390 958 2426 concordia
987 2403 1105 2438 posse.
1162 2391 1292 2428 Facile
1313 2392 1427 2440 impe-

159 2441 307 2471 tratum.
357 2435 452 2472 Inde
468 2446 598 2475 contra
615 2440 877 2477 Crustuminos
893 2441 1093 2489 profectus,
1110 2443 1247 2479 bellum
1266 2444 1427 2479 inferen-

159 2493 226 2523 tes.
283 2487 340 2524 Ibi
360 2489 484 2525 minus
500 2490 624 2533 etiam,
641 2492 739 2539 quod
761 2493 893 2529 alienis
912 2494 1082 2530 cladibus
1108 2496 1325 2531 ceciderant
1348 2495 1430 2531 ani-

616 2543 641 2565 ε)

617 2567 641 2579 Ν
