1638 2765
134 167 181 204 10
657 166 749 198 T1T1
772 168 883 200 len

133 258 244 295 boves
275 259 369 296 mira
399 260 525 308 specie
555 260 725 310 abegisse
755 268 975 307 memorant,
1006 274 1051 299 ac
1082 275 1196 321 prope
1230 261 1404 301 Tiberim

134 308 299 356 fluvium,
319 324 405 359 qua,
425 325 500 370 prae
520 325 559 348 se
580 321 789 349 armentum
807 326 936 362 agens,
954 293 1079 351 riando
1095 315 1304 363 trajecerat,
1321 314 1405 352 loco

133 362 301 406 herbido,
323 371 362 399 ut
381 364 506 411 quiete
535 373 572 400 et
591 365 728 412 pabulo
760 366 843 402 laeto
872 365 1042 402 reficeret
1075 366 1199 409 boves,
1220 374 1257 402 et
1283 367 1404 414 ipsum

133 414 271 451 fessum
294 415 352 451 via
370 415 640 464 procubuisse:
674 416 724 452 ibi
744 430 857 464 quum
878 429 978 461 eum,
995 417 1080 453 cibo
1100 418 1298 466 vinoqueg
1279 430 1406 454 crava-

133 474 226 509 tum,
247 480 355 515 sopor
373 467 630 515 oppressisset,
650 476 773 516 pastor
793 468 921 505 accola
940 469 1021 516 ejus
1050 469 1136 515 loci,
1156 470 1308 505 nomine
1334 470 1434 506 Ca·5

133 531 213 565 cus,
235 518 335 555 ferox
353 519 502 561 viribus,
520 527 652 567 captus
667 520 947 568 pulchritudine
964 520 1090 566 boum,
1107 534 1220 578 quum
1237 528 1405 557 avertere

133 583 214 607 eam
236 571 412 628 praedam.
420 570 552 615 vellet3
581 572 681 629 quia,
695 573 724 608 si
741 573 888 621 agendo
905 580 1114 609 armentum
1132 573 1169 609 in
1187 573 1406 620 speluncam

131 623 386 671 compulisset,
405 623 483 671 ipsa
500 623 654 672 vestigia
672 632 902 682 quaerentem
919 624 1114 660 dominum
1132 625 1177 660 eo
1197 625 1408 661 deductura

132 682 265 711 erant·
257 702 266 718 ,
313 687 461 711 aversos
497 675 622 718 boves,
660 676 840 712 eximium
883 689 1067 724 quemque
1109 676 1404 725 pulchritudine,

133 726 293 763 caudis
284 740 322 763 1n
343 727 562 775 speluncam
583 728 702 764 traxit.
762 728 961 773 Hercules,
982 729 1028 764 ad
1057 729 1214 776 primam
1235 741 1406 765 auroram
1421 736 1451 761 10

132 792 264 815 somno
283 779 441 822 excitus,
462 792 575 826 quum
596 792 748 827 gregem
769 779 1032 827 perlustrasset
1049 780 1181 826 oeulis,
1201 787 1239 816 et
1263 787 1407 828 partem

133 831 265 866 abesse
285 843 442 867 numero
461 831 652 873 sensisset,
672 831 794 880 pergit
822 831 867 867 ad
897 831 1103 879 proximam
1124 832 1355 880 speluncam,
1377 832 1407 868 si

133 883 225 919 sorte
245 882 290 919 eo
310 883 466 931 vestigia
498 882 661 919 ferrent:
695 896 778 931 quae
807 883 871 919 ubi
904 884 1031 920 omnia
1051 884 1147 920 foras
1166 897 1273 920 versa
1301 884 1406 928 vidit,

132 935 262 971 necin
282 943 425 984 partem
459 935 569 971 aliam
599 934 707 978 serre,
729 935 908 972 confusus
938 943 1047 984 atque
1082 936 1248 972 incertus
1278 936 1405 982 animi,

132 999 179 1023 ex
197 987 281 1024 loco
300 987 435 1024 infesto
454 1000 565 1035 agere
585 1000 692 1036 porro
712 995 921 1023 armentum
947 988 1120 1036 occoepit.
1178 988 1272 1024 Inde
1292 1001 1405 1036 quum
1422 995 1453 1021 15

133 1046 227 1075 actae
262 1040 374 1076 boves
405 1040 577 1087 quaedam
608 1039 653 1075 ad
683 1039 913 1076 desiderium
935 1040 994 1087 (ut
1012 1040 1070 1089 fit)
1091 1040 1305 1077 relictarum
1328 1053 1408 1076 mu-

132 1091 287 1140 gissent‚
309 1092 455 1128 reddita
487 1091 718 1128 inclusarum
738 1104 785 1128 ex
804 1091 986 1140 spelunca
1011 1093 1124 1129 boum
1156 1105 1224 1129 vox
1259 1093 1408 1129 Hercu-

131 1143 204 1180 lem
225 1143 408 1180 convertit
428 1156 436 1180 :
465 1156 575 1191 quem
595 1156 710 1191 quum
729 1144 928 1180 vadentem
961 1144 1009 1180 ad
1041 1144 1259 1193 speluncam
1281 1145 1408 1181 Cacus

133 1196 167 1232 vi
188 1197 386 1244 prohibere
419 1203 578 1232 conatus
596 1202 694 1232 esset
711 1209 719 1240 3
749 1196 847 1232 ictus
866 1196 983 1240 clava,
1004 1196 1116 1233 fidem
1135 1205 1324 1245 pastorum
1344 1209 1409 1233 ne-

132 1249 334 1296 quidquam
355 1249 548 1291 invocans,
569 1255 686 1284 morte
705 1248 897 1284 occubuit.
954 1248 1128 1285 Evander
1153 1256 1230 1285 tum
1251 1262 1307 1295 ea,
1327 1255 1453 1298 pro-2⁰

133 1300 242 1349 fugus
258 1313 303 1336 ex
321 1300 590 1348 Peloponneso,
611 1300 831 1337 auctoritate
850 1300 972 1348 magis
987 1300 1097 1348 quam
1121 1301 1285 1349 imperio,
1304 1314 1410 1349 rege-

132 1353 196 1389 bat
216 1353 298 1389 loca
315 1365 323 1389 :
353 1352 578 1388 venerabilis
596 1352 650 1388 vir
669 1352 850 1388 miraculo
879 1351 1085 1399 literarum,
1104 1353 1157 1389 rei
1178 1365 1283 1389 novae
1313 1353 1409 1390 inter

132 1405 245 1441 rudes
278 1404 412 1441 artium
440 1405 634 1448 homines3
663 1404 910 1441 venerabilior
940 1404 1134 1441 divinitate
1154 1405 1299 1441 credita
1318 1405 1409 1441 Car-

132 1465 270 1493 mentae
289 1457 432 1500 matris,
451 1469 562 1505 quam
582 1456 811 1506 fatiloquam,
833 1463 919 1492 ante
947 1456 1099 1504 Sibyllae
1119 1457 1155 1492 in
1179 1457 1325 1493 Italiam
1346 1457 1409 1493 ad-

132 1517 300 1552 ventum,
320 1509 462 1545 miratae
483 1509 540 1545 hae
573 1515 705 1557 gentes
738 1508 896 1544 fuerant.
954 1507 992 1544 Is
1011 1516 1089 1544 tum
1110 1508 1298 1550 Evander,
1320 1513 1453 1545 con-2³

133 1574 245 1598 cursu
290 1568 491 1610 pastorum,
534 1561 800 1609 trepidantium
836 1560 938 1596 circa
980 1561 1163 1596 advenam
1201 1560 1409 1597 manifestae

133 1627 237 1650 reum
259 1613 384 1659 eredis,
405 1613 562 1655 excitus,
582 1620 779 1661 postquam
810 1612 957 1648 facinus
983 1611 1234 1660 facinorisque
1254 1625 1409 1650 causam

133 1666 286 1709 audivit,
308 1665 476 1701 habitum
510 1664 738 1713 formamque
759 1665 825 1700 viri
845 1664 1077 1712 aliquantum
1098 1664 1314 1713 ampliorem
1345 1678 1410 1701 au-

133 1718 411 1768 gustioremque
431 1717 597 1753 humana
617 1717 781 1759 intuens,
798 1717 943 1764 rogitat,
960 1717 1022 1764 qui
1039 1717 1092 1753 vir
1108 1718 1233 1753 esset?
1253 1716 1326 1753 Ubi
1344 1730 1409 1753 no-

133 1783 220 1807 men
241 1777 458 1819 patremque
477 1781 522 1805 ac
542 1769 698 1817 patriam
719 1768 891 1817 accepit3
927 1772 949 1788 “
968 1769 1060 1806 Jove
1086 1777 1187 1815 nate,
1208 1769 1407 1815 Hercules,
1420 1773 1453 1797 ³⁰

136 1829 159 1846 ‘⁶
176 1822 318 1865 salve,'’
339 1821 485 1870 inquit3
516 1824 589 1857 “te
609 1821 701 1857 mihi
731 1828 862 1864 mater,
884 1821 1049 1857 veridica
1068 1821 1250 1869 interpres
1270 1820 1406 1864 Deum,

135 1881 159 1898 “
177 1882 374 1911 aucturum
396 1873 604 1910 coelestiurn
638 1885 837 1909 numerum
858 1873 1023 1909 cecinit:
1053 1873 1194 1920 tibique
1214 1885 1314 1908 aram
1345 1873 1409 1909 hic,

135 1931 159 1947 “
176 1927 341 1963 dicatum
363 1925 421 1968 iri,
441 1937 550 1973 quain
570 1925 854 1974 opulentissima
882 1924 969 1961 olim
992 1924 1029 1960 in
1049 1924 1157 1960 terris
1175 1937 1269 1973 gens
1290 1924 1410 1961 Maxi-

135 1983 158 1999 “
177 1991 274 2015 mam
311 1984 430 2024 vocet,
450 1985 588 2025 tuoque
621 1977 694 2014 ritu
723 1976 860 2013 colat.'’
917 1976 1060 2012 Dextra
1086 1976 1274 2012 Hercules
1306 1976 1407 2019 data,

136 2035 157 2051 “
175 2030 347 2079 accipere
368 2042 406 2066 se
426 2042 551 2072 omen,
572 2029 887 2078 impleturumque
908 2028 995 2071 sata,
1026 2029 1090 2064 ara
1116 2028 1270 2064 condita
1299 2032 1454 2076 atque3⁵

135 2087 159 2103 “
176 2082 339 2125 dicata‚”
361 2082 422 2118 ait.
480 2081 537 2117 Ibi
558 2088 636 2117 turn
656 2081 815 2130 primurn
837 2081 928 2117 bove
947 2080 1085 2116 eximia
1098 2080 1208 2128 capta
1228 2080 1274 2115 de
1294 2093 1408 2128 grege

135 2148 284 2172 sacrum
307 2133 480 2179 Herculi,
501 2133 678 2170 adhibitis
698 2133 745 2169 ad
766 2132 1014 2169 ministerium
1035 2133 1242 2181 dapemque
1263 2132 1409 2168 Potitiis
1457 2176 1460 2179 ι

135 2200 180 2224 ac
200 2186 374 2229 Pinariis,
394 2198 476 2234 quae
496 2193 574 2222 turn
595 2185 744 2222 familiae
765 2184 925 2220 maxime
947 2184 1096 2232 inclyta]
1112 2197 1157 2220 ea
1172 2184 1255 2221 loca
1271 2184 1410 2221 incole-

134 2240 238 2285 bant,
260 2238 413 2274 sactum.
470 2237 583 2274 Forte
612 2238 663 2274 ita
681 2236 819 2279 evenit,
839 2244 880 2272 ut
899 2236 1023 2272 Potitii
1045 2236 1090 2272 ad
1109 2243 1257 2284 tempus
1276 2244 1410 2284 praesto

134 2299 272 2334 essent,
304 2291 422 2338 iisque
451 2297 538 2326 exta
556 2296 852 2338 apponerentur;
882 2288 1036 2331 Pinarii,
1067 2289 1162 2325 extis
1195 2288 1331 2331 adesis,
1363 2288 1454 2325 ad4⁰

135 2353 311 2381 caeteram
328 2342 497 2378 venirent
511 2342 657 2390 dapem.
716 2341 810 2377 Inde
824 2340 1033 2377 institutum
1052 2340 1200 2385 mansit,
1213 2341 1335 2377 donec
1352 2340 1411 2377 Pi-

133 2396 283 2435 narium
303 2407 424 2444 genus
444 2394 523 2437 fuit,
545 2407 592 2430 ne
612 2393 707 2430 extis
727 2392 938 2429 solennium
961 2400 1213 2429 vescerentur.
1270 2392 1408 2435 Potitii,

135 2449 182 2487 ab
201 2447 378 2486 Evandro
407 2446 544 2490 edocti,
565 2446 750 2484 antistites
783 2445 878 2482 sacri
907 2445 989 2494 ejus
1021 2458 1086 2494 per
1116 2445 1250 2482 multas
1283 2452 1410 2481 aetates
