1617 2765
149 146 202 183 56
487 144 579 175 TITI
602 144 713 175 L1V11
737 144 875 174 LIBER
898 144 923 174 1.
955 153 1035 175 cAP.
1052 154 1107 175 Lx.

149 238 282 287 plebis,
314 238 352 275 in
385 238 500 275 fossas
527 238 748 286 cloacasque
781 239 1056 275 exhauriendas
1086 239 1293 275 demersae:
1349 239 1429 277 Ro-

151 303 282 327 manos
302 290 485 333 homines,
507 291 666 326 victores
699 290 867 326 omnium
898 291 998 327 circa
1019 290 1251 338 populorum,
1273 290 1428 339 opifices

151 354 195 378 ac
228 342 409 391 lapicidas
442 355 507 390 pro
540 342 781 378 bellatoribus
815 341 943 378 factos.
1013 342 1177 391 Indigna
1207 343 1287 378 Ser.
1309 343 1427 380 Tullii

150 394 249 441 regis
283 405 487 430 memorata
524 394 658 438 caedes,
697 401 734 428 et
771 393 919 429 invecta
948 394 1092 442 corpori
1122 394 1235 442 patris
1264 395 1428 432 nefando

151 446 323 482 vehiculo
343 446 441 490 filia3
472 446 707 492 invocatique
737 445 874 480 ultores
894 447 1088 493 parentum
1109 446 1184 482 Dii.
1243 446 1314 482 His
1334 454 1429 483 atro·
1457 457 1474 481 5

150 497 400 545 cioribusque,
439 497 564 543 credo,
603 497 685 532 aliis
722 497 821 545 (quae
859 510 1022 544 praesens
1055 510 1178 533 rerum
1210 498 1427 546 indignitas,

150 549 436 597 haudquaquam
458 549 575 585 relatu
597 548 841 597 scriptoribus
862 549 998 592 facilia,
1016 550 1185 600 subjicit)
1201 550 1427 593 memoratis,

149 601 344 643 incensam
376 601 656 637 multitudinem
690 600 862 648 perpulit,
891 608 929 636 ut
956 602 1153 648 imperium
1174 601 1253 649 regi
1274 602 1429 650 abroga-

149 660 217 696 ret,
239 653 465 700 exsulesque
496 665 578 688 esse
605 653 754 700 juberet
787 651 829 687 L.
865 653 1117 700 Tarquinium
1148 666 1234 688 cum
1266 654 1428 702 conjuge

149 717 193 741 ac
213 705 350 740 liberis.
418 705 518 751 Ipse,
535 705 761 752 junioribus,
781 704 843 750 qui
864 704 960 740 ultro
979 704 1131 740 nomina
1151 705 1303 747 dabant,
1321 705 1428 741 lectis
1444 715 1473 740 10

149 757 384 803 armatisque,
407 757 452 791 ad
473 756 740 792 concitandum
763 755 850 790 inde
877 756 1054 790 adversus
1073 768 1201 803 regem
1221 757 1428 793 exercitum

150 808 315 843 Ardeam
337 808 374 842 in
396 815 517 843 castra
537 814 593 842 est
609 806 798 855 profectus
816 819 823 842 :
853 806 1049 864 imperium
1064 807 1101 842 in
1119 807 1219 843 Urbe
1236 808 1426 852 Lucretio,

148 859 325 906 praefecto
348 859 486 895 Urbis
473 871 549 907 Jam
572 857 660 894 ante
692 859 738 893 ab
771 871 859 906 rege
880 858 1062 904 instituto,
1083 859 1268 907 relinquit.
1325 860 1428 897 Inter

149 911 251 946 hunc
272 911 473 946 tumultum
495 910 624 946 Tullia
657 910 768 946 domo
801 910 976 959 profugit,
1007 912 1304 954 exsecrantibus,
1338 924 1429 970 qua-

149 975 310 1010 cumque
331 963 544 1005 incedebat,
576 962 912 1010 invocantibusque
945 963 1143 1010 parentum
1173 963 1307 1000 Furias
1342 976 1473 1001 i1r1s10

148 1014 454 1062 mulieribusque.

201 1118 285 1155 LX.
317 1119 463 1156 Harum
483 1132 607 1155 rerum
626 1119 769 1155 nuntiis
789 1119 825 1155 in
843 1127 964 1156 castra
981 1119 1141 1168 perlatiS,
1154 1133 1268 1168 quum
1283 1133 1320 1157 re
1333 1122 1427 1157 nova

147 1172 315 1219 trepidus
333 1184 398 1207 rex
418 1179 590 1220 pergeret
611 1172 774 1207 Romam
796 1172 841 1207 ad
862 1171 1163 1220 comprimendos
1184 1179 1318 1215 motus,
1340 1172 1429 1209 flex-

148 1223 176 1258 it
195 1223 290 1258 viam
313 1223 450 1259 Brutus
479 1224 663 1272 (senserat
696 1224 796 1259 enim
831 1224 1049 1273 adventum)
1080 1236 1127 1259 ne
1147 1224 1277 1260 obvius
1297 1224 1426 1270 fieret;

147 1275 354 1322 eodemque
376 1275 451 1311 sere
472 1282 651 1323 tempore,
673 1275 829 1311 diversis
849 1276 1059 1317 itineribus,
1088 1275 1225 1311 Brutus
1247 1276 1426 1320 Ardeam,
1440 1279 1473 1306 9⁰

148 1326 380 1374 Tarquinius
409 1327 584 1372 Romam,
621 1335 816 1363 venerunt.
874 1327 1095 1374 Tarquinio,
1131 1328 1268 1364 clausae
1299 1336 1426 1376 portae,

147 1379 396 1426 exsiliumque
427 1379 634 1415 indictum:
683 1379 918 1416 liberatorem
954 1379 1066 1416 Urbis
1094 1379 1178 1415 laeta
1211 1387 1334 1416 castra
1367 1393 1428 1417 ac·

147 1432 308 1478 cepere;
355 1431 551 1478 exactique
586 1431 673 1467 inde
706 1431 812 1467 liberi
850 1431 961 1479 regis.
1019 1430 1105 1467 Duo
1134 1440 1277 1479 patrem
1307 1433 1427 1469 secuti

147 1489 245 1524 sunt,
279 1483 343 1530 qui
377 1483 588 1519 exsulatum
622 1483 730 1519 Caere
764 1483 801 1519 in
829 1483 1009 1519 Etruscos
1030 1483 1163 1519 ierunt.
1221 1484 1308 1520 Sex.
1332 1484 1428 1520 Tar-

147 1534 311 1581 quimus,
333 1535 486 1580 Gabios,
520 1542 709 1582 tamquam
740 1535 777 1571 in
808 1547 917 1570 suurn
947 1547 1119 1592 reguum,
1151 1535 1353 1583 profectus,
1380 1536 1472 1575 abes

147 1586 328 1622 ultoribus
347 1595 512 1623 veterum
534 1587 776 1629 simultatum,
807 1599 898 1634 quas
928 1586 997 1622 sibi
1033 1587 1110 1634 ipse
1146 1587 1313 1623 caedibus
1333 1588 1472 1657 rapi-,E

146 1637 277 1685 nisque
299 1639 526 1685 conciverat,
547 1646 604 1674 est
626 1639 855 1674 interfectus.
913 1638 956 1674 L.
978 1638 1212 1686 Tarquinius
1234 1640 1464 1697 Superbus⁵0²

146 1690 317 1738 regnavit
336 1703 454 1726 annos
480 1691 643 1738 quinque
677 1697 714 1726 et
747 1690 889 1739 viginti.
948 1690 1165 1739 Regnatum
1199 1691 1344 1728 Romae
1379 1682 1471 1738 abff„

146 1742 298 1778 condita
336 1742 437 1778 Urbe
475 1743 521 1778 ad
558 1742 765 1785 liberatam,
805 1755 923 1779 annos
960 1743 1144 1778 ducentos
1179 1741 1470 1792 quadragintaw

146 1801 313 1841 quatuor.
373 1794 461 1830 Duo
488 1795 663 1830 consules
680 1794 767 1830 inde
788 1794 949 1831 comitiis
969 1794 1189 1831 centuriatis
1209 1808 1230 1831 a
1249 1795 1425 1843 praefecto
1445 1816 1461 1844 4»

146 1845 258 1881 Urbis
277 1858 322 1882 ex
343 1847 623 1882 commentariis
661 1847 742 1882 Ser.
781 1846 901 1882 Tullii
935 1846 1051 1883 creati
1080 1854 1179 1892 sunt,
1212 1846 1254 1883 L.
1286 1847 1424 1884 Junius
1445 1858 1462 1885 ς’

145 1896 284 1934 Brutus
303 1905 340 1934 et
359 1897 402 1934 L.
424 1898 656 1946 Tarquinius
676 1898 897 1934 Collatinus.
1444 1897 1470 1945 ἓ
