1617 2765
554 163 691 195 LIBER
714 164 753 195 V.
792 173 1015 196 cAP.xxxr11.
1367 166 1441 203 115

156 256 238 307 ejus
266 258 530 296 verecundiam
575 271 651 295 non
689 259 773 295 tulit
801 265 968 305 senatus,
997 258 1087 306 quin
1117 256 1197 294 sine
1228 258 1332 295 mora
1364 260 1437 296 voti

156 309 397 347 liberaretur:
441 317 698 358 crateramque
719 323 869 347 auream
901 311 1042 346 donum
1075 309 1242 358 Apollini
1273 310 1441 359 Delphos

156 361 269 411 legati
289 362 351 411 qui
372 362 523 409 ferrent,
554 362 597 399 L.
615 363 802 408 Valerius,
824 363 866 399 L.
890 363 1056 412 Sergius,
1079 362 1127 398 A.
1151 361 1333 408 Manlius,
1355 364 1441 399 mis-

157 414 188 450 si
207 415 316 463 longa
337 416 410 450 una
430 427 538 461 nave,
568 415 667 451 haud
688 415 817 463 procul
847 415 940 451 freto
970 414 1101 450 Siculo
1129 426 1150 449 a
1179 413 1308 462 piratis
1328 414 1440 462 Lipa-

128 467 322 502 5rensium
353 467 514 515 excepti,
547 467 784 504 devehuntur
814 467 981 515 Liparas.
1039 466 1125 502 Mos
1154 472 1234 502 erat
1262 465 1437 512 civitatis,

156 518 256 555 velut
292 518 443 567 publico
479 519 676 556 latrocinio
704 526 847 568 partam
877 519 1042 567 praedam
1080 517 1260 554 dividere.
1327 517 1439 555 Forte

155 582 200 606 eo
246 583 345 607 anno
391 571 428 607 in
475 584 622 608 summo
669 572 888 620 magistratu
934 578 1014 607 erat
1060 570 1320 606 Timasitheus
1361 571 1441 618 qui-

155 622 255 669 dam,
299 623 484 660 Romanis
521 623 575 659 vir
617 623 771 659 similior
809 622 921 672 quam
959 623 1065 667 suis3
1111 622 1188 670 qui,
1231 621 1438 671 legatorum

154 686 308 722 nomen,
354 675 584 724 donumque,
630 683 667 712 et
714 675 850 721 Deum,
898 675 960 711 cui
1000 674 1222 717 mitteretur,
1270 681 1307 710 et
1349 674 1437 710 doni

111 736 141 760 ιο
155 738 321 773 causam,
360 727 499 764 veritus
536 728 629 776 ipse,
667 727 946 764 multitudinem
984 739 1131 775 quoque
1163 724 1263 775 (quae
1292 739 1440 774 semper

155 777 271 815 ferme
291 779 436 828 regenti
465 786 523 815 est
542 779 692 830 similis)
724 780 917 828 religionis
933 779 1042 828 justae
1068 778 1258 827 implevit:
1299 779 1440 814 adduc-

154 836 284 878 tosque
305 831 342 867 in
364 831 557 879 publicum
587 832 788 880 hospitium
823 832 979 880 legatos,
1009 843 1097 867 cum
1129 830 1303 879 praesidio
1322 830 1438 867 etiam

154 883 305 919 navium
325 882 494 931 Delphos
511 891 744 932 prosecutus,
772 884 936 920 Romam
967 883 1055 919 inde
1086 882 1243 931 sospites
1263 883 1437 919 restituit.

154 934 371 982 Hospitium
401 947 490 971 cum
517 947 563 971 eo
599 935 946 972 senatus—consulto
983 942 1041 971 est
1078 935 1235 978 sactum,
1265 935 1438 983 donaque

111 996 141 1021 15
152 986 303 1034 publice
324 986 422 1023 data.
478 1012 645 1023 .....

108 1098 142 1136 αξ·
206 1090 383 1128 XXXII.
440 1118 605 1129 .....
636 1091 690 1129 Μ.
712 1091 903 1129 Caedicius
923 1092 970 1128 de
985 1091 1094 1141 plebe
1116 1090 1302 1128 nuntiavit
1320 1092 1437 1129 tribu-

109 1137 134 1204 ²}
153 1142 223 1189 nis,
244 1156 284 1180 se
304 1144 343 1180 in
363 1156 462 1181 nova
481 1144 552 1188 via,
572 1145 637 1181 ubi
657 1157 761 1181 nunc
781 1145 961 1181 sacellum
982 1151 1050 1190 est,
1071 1157 1183 1193 supra
1203 1145 1322 1180 aedem
1344 1145 1440 1181 Ves-

117 1189 214 1244 :Qtae
245 1209 375 1233 vocem
406 1197 528 1233 noctis
560 1197 709 1234 silentio
737 1198 886 1233 audisse
917 1197 1113 1233 clariorem
1144 1197 1321 1242 humani,
1355 1209 1438 1244 quae

110 1226 433 1303 Zmagistratibus
469 1249 546 1286 dici
579 1250 742 1298 juberet,
779 1249 908 1286 Gallos
940 1249 1155 1285 adventare.
1213 1248 1257 1284 Id
1289 1248 1348 1297 (ut
1376 1248 1434 1299 fit)

110 1305 134 1354 ἐξ
154 1307 303 1350 propter
336 1301 500 1338 auctoris
537 1302 786 1338 humilitatem
817 1308 994 1350 spretum,
1026 1308 1064 1337 et
1091 1299 1192 1349 quod
1219 1301 1438 1349 longinqua,

117 1347 134 1374 ‘³'
155 1352 273 1401 eoque
293 1353 467 1402 ignotior,
497 1366 592 1403 gens
621 1361 712 1390 erat.
769 1354 905 1402 Neque
944 1354 1112 1390 Deorum
1142 1352 1253 1390 modo
1283 1354 1438 1400 monita,

109 1384 354 1454 Eingruente
384 1405 471 1452 fato,
501 1413 651 1455 spreta3
695 1406 761 1442 sed
794 1407 999 1443 humanam
1030 1418 1177 1463 quoque
1202 1418 1324 1454 opem,
1355 1417 1437 1453 quae

154 1469 230 1493 una
249 1464 340 1502 erat,
362 1456 416 1494 M.
438 1436 595 1494 F’urium
616 1459 662 1494 ab
681 1458 784 1495 Urbe
816 1470 1013 1495 amovere:
1059 1458 1135 1505 qui,
1169 1457 1230 1493 die
1260 1457 1363 1493 dicta
1391 1457 1438 1493 ab

154 1508 198 1545 L.
219 1509 408 1558 Appulejo
435 1510 587 1546 tribuno
623 1511 743 1559 plebis
771 1518 920 1559 propter
962 1510 1127 1558 praedam
1170 1509 1437 1558 Vejentanam,

109 1561 230 1598 25filio
258 1574 404 1610 quoque
433 1562 673 1599 adolescente
694 1575 759 1611 per
799 1562 899 1598 idem
932 1572 1079 1610 tempus
1116 1561 1280 1607 orbatus,
1310 1573 1439 1609 quum,

155 1613 288 1650 accitis
316 1614 468 1650 domum
489 1614 688 1651 tribulibus
714 1614 990 1662 clientibusque
1022 1612 1179 1663 (magna
1206 1625 1291 1661 pars
1320 1613 1440 1661 plebis

155 1666 268 1716 erat),
284 1672 524 1714 percontatus
540 1666 686 1703 animos
702 1679 845 1712 eorum,
861 1678 1083 1714 responsum
1095 1665 1255 1710 tulisset,
1275 1671 1298 1688 “
1313 1677 1352 1701 se
1366 1664 1440 1701 col-

157 1723 180 1740 “
194 1717 345 1764 laturos,
365 1718 493 1765 quanti
514 1719 714 1754 damnatus
733 1726 843 1763 esset,
864 1717 1057 1754 absolvere
1077 1729 1165 1752 eum
1194 1729 1269 1753 non
1290 1716 1437 1765 posse,'’

155 1769 193 1806 in
213 1769 390 1806 exsilium
410 1770 526 1814 abiit;
565 1777 740 1819 precatus
773 1770 819 1806 ab
850 1769 934 1806 Diis
967 1769 1251 1814 immortalibus,
1283 1768 1354 1804 “si
1384 1768 1440 1804 in-

110 1831 142 1857 30
157 1827 180 1844 “
193 1822 306 1858 noxio
324 1821 394 1858 sibi
414 1834 460 1858 ea
480 1822 616 1871 injuria
635 1822 752 1868 fieret,
773 1822 892 1870 primo
925 1833 1072 1869 quoque
1101 1827 1268 1868 tempore
1289 1819 1439 1856 deside-

156 1874 290 1910 “rium
318 1873 376 1910 sui
406 1874 546 1910 civitati
582 1874 737 1923 ingratoe
768 1874 973 1910 facerent.''
1035 1872 1188 1909 Absens
1216 1872 1436 1920 quindecim

154 1926 319 1963 millibus
338 1925 461 1975 gravis
481 1926 564 1963 aeris
583 1927 794 1963 damnatur.

206 2030 406 2068 XXXIII.
453 2030 621 2080 Expulso
653 2031 747 2077 cive,
777 2043 849 2079 quo
873 2037 1066 2077 manente,
1086 2029 1117 2066 si
1135 2028 1340 2077 quidquam
1370 2028 1439 2065 hu-

155 2096 350 2120 manorum
371 2083 464 2120 certi
496 2091 565 2130 est,
596 2084 680 2132 capi
714 2083 840 2120 Roma
865 2095 940 2119 non
970 2088 1165 2131 potuerat;
1213 2081 1439 2117 adventante

111 2147 144 2171 :35
157 2135 258 2172 fatali
286 2135 369 2172 urbi
389 2135 510 2181 clade,
530 2136 643 2184 legati
664 2136 710 2171 ab
730 2135 898 2172 Clusinis
918 2134 1086 2179 veniunt,
1109 2132 1289 2169 auxilium
1311 2133 1440 2168 adver-

157 2200 219 2224 sus
238 2188 365 2224 Gallos
382 2193 566 2236 petentes.
623 2187 717 2224 Eam
737 2194 890 2236 gentem
923 2186 1081 2222 traditur
1101 2185 1214 2231 sama,
1235 2184 1440 2221 dulcedine

157 2239 319 2288 frugum,
339 2239 575 2287 maximeque
595 2240 671 2276 vini
692 2240 785 2276 nova
805 2246 884 2275 tum
908 2238 1108 2287 voluptate,
1129 2244 1289 2285 captam,
1321 2236 1441 2284 Alpes

157 2291 346 2335 transisse,
367 2303 548 2339 agrosque
577 2292 624 2328 ab
653 2292 825 2328 Etruscis
854 2291 940 2327 ante
970 2290 1091 2327 cultos
1120 2289 1357 2338 possedisse3
1403 2295 1442 2324 et

159 2343 345 2380 invexisse
366 2342 403 2378 in
425 2343 586 2380 Galliam
607 2344 736 2380 vinum
756 2343 958 2380 illiciendae
977 2342 1101 2391 gentis
1118 2343 1233 2378 causa
1251 2342 1440 2377 Aruntem

114 2405 147 2430 40
159 2395 372 2440 Clusinum,
407 2394 459 2430 ira
489 2403 671 2444 corruptae
703 2396 827 2432 uxoris
848 2396 894 2431 ab
923 2395 1160 2440 Lucumone,
1190 2393 1252 2430 cui
1281 2400 1380 2429 tutor
1410 2391 1441 2426 is

160 2448 280 2485 suerat
309 2447 399 2496 ipse,
430 2454 658 2496 praepotente
674 2448 823 2496 juvene,
854 2454 891 2484 et
919 2460 940 2484 a
968 2460 1040 2496 quo
1068 2445 1193 2495 expeti
1212 2457 1346 2494 poenae,
1367 2442 1440 2479 nisi
