1617 2765
585 183 722 214 LIBER
744 182 887 213 XXVII.
915 192 996 213 CAP.
1013 192 1083 214 xm.
1386 186 1460 224 221

181 279 283 316 cives
303 278 358 315 M.
380 277 541 323 Livium,
562 277 607 313 ad
628 277 768 313 bellum
788 276 1104 325 proficiscentem,
1133 278 1299 313 monenti
1318 278 1370 317 Q.
1391 279 1467 316 Fa-

181 331 256 374 bio,
277 344 338 374 ne,
358 330 572 378 priusquam
593 341 714 377 genus
734 329 896 365 hostium
917 329 1129 377 cognosset,
1150 330 1288 365 temere
1310 343 1463 369 manum

181 388 407 426 consereret,
454 381 719 430 respondisse:
776 381 887 417 “Ubi
925 381 1087 429 primum
1126 381 1288 417 hostium
1327 395 1464 431 agmen

183 441 206 458 “
219 434 488 482 conspexisset,
508 433 804 482 pugnaturum.”
858 432 992 472 Quum
1012 440 1253 481 quaereretur,
1273 445 1355 480 quae
1376 447 1465 471 cau-

152 497 221 523 5sa
254 486 458 523 festinandi
492 486 621 522 esset?
679 492 702 508 “
721 486 801 521 Aut
832 497 879 522 ex
909 486 1013 522 hoste
1044 486 1235 534 egregiam
1265 485 1463 534 gloriam‚’'

181 538 312 586 inquit,
345 545 368 560 “
382 545 444 574 aut
463 550 510 574 ex
529 538 674 574 civibus
693 538 801 573 victis
820 538 1013 585 gaudium,
1036 539 1210 574 meritum
1244 537 1362 580 certe,
1394 539 1464 575 etsi

182 597 295 627 “non
330 590 543 632 honestum,
565 590 750 638 capiam.’'
809 589 1031 637 Priusquam
1053 590 1234 626 Claudius
1263 590 1395 626 consul
1426 591 1465 627 in

178 642 410 690 provinciam
439 642 663 690 perveniret,
695 655 760 690 per
787 649 996 678 extremum
1031 643 1144 678 finem
1179 643 1257 691 agri
1278 642 1465 679 Larinatis

179 694 384 731 ducentem
416 694 454 730 in
486 695 719 731 Sallentinos
751 694 964 730 exercitum
999 695 1256 731 Hannibalem
1287 707 1373 731 cum
1404 707 1467 731 ex-

137 746 316 795 1opeditis
357 746 573 783 cohortibus
610 747 777 793 adortuS‚
816 746 861 782 C.
897 746 1082 783 Hostilius
1118 747 1296 783 Tubulus
1325 748 1467 784 incom-

179 798 299 847 posito
318 798 460 847 agmini
481 799 683 834 terribilem
703 798 905 834 tumultum
928 799 1076 835 intulit:
1107 800 1152 835 ad
1172 807 1330 847 quatuor
1351 799 1468 836 millia

181 850 375 887 hominum
395 850 549 893 occidit,
571 863 705 887 novem
725 850 834 899 signa
855 851 1029 887 militaria
1048 851 1157 899 cepit.
1218 851 1388 887 Moverat
1419 864 1468 888 ex

180 902 348 938 hibernis
380 902 426 938 ad
460 902 596 938 famam
626 903 741 939 hostis
759 902 811 941 Q.
834 902 1031 950 Claudius,
1059 904 1122 951 qui
1151 916 1217 952 per
1247 904 1357 939 urbes
1386 904 1466 952 agri

181 954 380 990 Sallentini
401 961 523 990 castra
541 955 719 1002 disposita
739 954 912 992 habebat.
969 955 1115 1003 Itaque,
1137 968 1184 991 ne
1211 968 1299 991 cum
1319 956 1466 992 duobus

137 1013 167 1038 15
178 1006 408 1042 exercitibus
427 1006 537 1041 simul
559 1006 792 1054 confligeret,
816 1006 1008 1042 Hannibal
1040 1014 1151 1043 nocte
1171 1015 1295 1043 castra
1311 1020 1357 1043 ex
1376 1020 1466 1056 agro

179 1057 392 1094 Tarentino
411 1058 536 1102 movit,
568 1064 678 1105 atque
712 1058 749 1094 in
771 1057 935 1094 Bruttios
956 1059 1155 1095 concessit.
1213 1059 1398 1095 Claudius
1427 1059 1465 1095 in

180 1109 409 1146 Sallentinos
442 1122 578 1158 agmen
620 1110 815 1146 convertit.
891 1110 1089 1154 Hostilius,
1120 1112 1291 1159 Capuam
1320 1119 1465 1159 petens,

178 1161 310 1198 obvius
347 1162 394 1198 ad
425 1162 633 1198 Venusiam
664 1162 704 1198 fit
732 1162 878 1198 consuli
909 1163 1080 1199 Claudio.
1144 1163 1203 1199 Ibi
1233 1176 1279 1199 ex
1310 1171 1467 1211 utroque

179 1214 350 1250 exercitu
386 1214 509 1250 electa
543 1214 712 1262 peditum
749 1214 997 1263 quadraginta
1031 1215 1160 1261 millia,
1191 1216 1266 1251 duo
1285 1216 1401 1251 millia
1429 1222 1467 1252 et

135 1265 377 1314 mquingenti
406 1266 563 1314 equites,
584 1266 720 1314 quibus
739 1267 871 1302 consul
892 1267 1071 1303 adversus
1099 1268 1357 1303 Hannibalem
1386 1280 1466 1304 rem

179 1324 348 1366 gereret:
396 1318 556 1366 reliquas
585 1318 713 1366 copias
743 1318 929 1354 Hostilius
961 1319 1138 1367 Capuam·
1163 1320 1302 1356 ducere
1327 1320 1464 1369 jussus,

179 1377 221 1407 ut
237 1369 290 1409 Q.
312 1369 446 1407 Fulvio
464 1383 531 1419 pro
550 1371 696 1407 consuli
717 1370 891 1407 traderet.

232 1473 340 1510 XLI.
383 1474 593 1518 Hannibal,
614 1476 781 1523 undique
802 1483 996 1513 contracto
1015 1476 1198 1524 exercitu,
1227 1489 1337 1525 quem
1359 1477 1396 1513 in
1413 1477 1467 1514 hi-

179 1526 306 1562 bernis
325 1533 389 1563 aut
408 1527 446 1563 in
466 1527 649 1575 praesidiis
669 1528 747 1576 agri
769 1528 904 1564 Bruttii
936 1529 1130 1572 habuerat,
1161 1530 1200 1565 in
1222 1529 1400 1565 Lucanos
1419 1529 1466 1565 ad

134 1579 432 1615 25Grumentum
454 1579 566 1624 venit,
589 1592 653 1628 spe
673 1580 882 1628 recipiendi
903 1581 1053 1629 oppida,
1075 1594 1156 1629 quae
1176 1594 1242 1630 per
1258 1588 1400 1617 metum
1419 1581 1466 1617 ad

180 1630 376 1666 Romanos
395 1631 634 1668 defecissent.
691 1631 836 1668 Eodem
856 1645 877 1668 a
898 1634 1069 1669 Venusia
1099 1633 1231 1669 consul
1265 1633 1467 1669 Romanus

181 1682 380 1730 exploratis
402 1682 598 1719 itineribus
618 1685 839 1728 contendit3
887 1692 924 1721 et
957 1686 1057 1721 mille
1079 1685 1156 1721 fere
1177 1692 1215 1721 et
1239 1686 1466 1733 quingentos

181 1746 313 1783 passus
332 1741 454 1771 castra
473 1735 520 1770 ab
541 1735 645 1771 hoste
665 1736 774 1772 locat.
830 1737 1029 1773 Grumenti
1051 1737 1239 1773 moenibus
1265 1738 1376 1785 prope
1410 1737 1467 1773 in-

177 1787 350 1835 junctum
373 1787 568 1823 videbatur
606 1788 810 1824 Poenorum
831 1789 967 1824 vallum
986 1803 994 1824 :
1034 1789 1229 1838 quingenti
1260 1801 1391 1837 passus
1410 1789 1466 1825 in-

135 1846 168 1871 30
182 1846 359 1875 tererant.
417 1839 551 1875 Castra
571 1839 718 1876 Punica
737 1853 782 1876 ac
803 1840 980 1876 Romana
999 1841 1096 1877 inter
1111 1841 1262 1889 jacebat
1282 1852 1465 1888 campusg

180 1890 297 1928 colles
334 1890 585 1926 imminebant
620 1892 712 1927 nudi
751 1892 901 1928 sinistro
939 1893 1045 1929 lateri
1077 1892 1464 1941 Carthaginiensium,

179 1942 313 1979 dextro
335 1941 609 1988 Romanorum,
630 1944 773 1979 neutris
793 1945 971 1992 suspecti,
992 1944 1089 1992 quod
1110 1945 1203 1981 nihil
1223 1944 1323 1980 silvae
1345 1957 1465 1992 neque

180 1995 226 2031 ad
247 1994 403 2031 insidias
422 1995 648 2031 latebrarum
669 1995 870 2032 habebant.
927 1996 972 2032 In
994 1997 1118 2033 medio
1138 2009 1285 2044 campo,
1320 1997 1366 2032 ab
1395 2004 1467 2034 sta-

179 2046 346 2083 tionibus
382 2054 661 2095 procursantes,
699 2048 920 2091 certamina,
957 2049 1055 2085 haud
1085 2049 1173 2085 satis
1202 2049 1318 2097 digna
1346 2049 1464 2095 dictu,

135 2098 367 2135 asserebant.
426 2098 469 2134 Id
490 2097 601 2135 modo
621 2099 840 2136 Romanum
862 2113 1028 2148 quaerere
1049 2101 1261 2149 apparebat,
1294 2113 1341 2136 ne
1362 2100 1465 2137 abire

180 2151 326 2187 hostem
364 2158 562 2198 pateretur.
620 2151 827 2199 Hannibal,
865 2153 952 2188 inde
986 2153 1144 2189 evadere
1175 2153 1345 2201 cupiens,
1376 2153 1465 2189 totis

182 2202 321 2239 viribus
341 2202 378 2238 in
400 2203 521 2238 aciem
542 2203 809 2241 descendebat.
866 2205 969 2241 Tum
990 2205 1133 2250 consul,
1165 2205 1319 2254 ingenio
1349 2205 1464 2241 hostis

181 2267 283 2300 usus,
303 2253 376 2302 quo
397 2254 522 2290 minsis
541 2254 578 2290 in
599 2266 673 2292 tam
695 2257 832 2305 apertis
858 2257 1015 2293 collibus
1047 2258 1169 2294 timeri
1199 2257 1345 2294 insidiae
1363 2264 1465 2305 pote·

181 2316 279 2353 rant,
315 2306 479 2354 quinque
508 2307 693 2354 cohortes,
731 2309 869 2346 additis
904 2310 1068 2357 quinque
1098 2309 1312 2360 manipulis,
1352 2316 1462 2346 nocte

137 2360 311 2408 wjugum
331 2371 520 2407 superare,
541 2366 577 2395 et
599 2359 636 2395 in
656 2361 795 2397 aversis
815 2362 971 2398 vallibus
991 2362 1188 2398 considere
1208 2362 1314 2410 jubet
1332 2374 1340 2396 ε
1371 2369 1463 2396 tem-

181 2423 252 2460 pus
271 2411 498 2459 exsurgendi
518 2423 566 2446 ex
588 2411 744 2458 insidiis,
764 2421 801 2450 et
821 2414 1065 2463 aggrediendi
1089 2415 1245 2459 hostem,
1267 2413 1330 2448 Ti.
1351 2412 1463 2448 Clau-

181 2462 285 2500 dium
315 2463 486 2500 Asellum
516 2462 708 2552 trstssrissum
727 2465 887 2503 militum
907 2474 944 2503 et
965 2466 1004 2503 P.
1022 2466 1223 2503 Claudium
1244 2464 1463 2512 praesectum
