1617 2765
540 177 677 207 LIBER
702 177 897 208 xxxviii.
926 186 1006 208 en.
1024 188 1087 208 Lxx.
1402 182 1477 219 261

208 270 428 317 “Quirites‚
448 283 534 306 cum
556 270 771 307 Hannibale
800 277 836 306 et
857 271 1247 318 Carthaginiensibus,
1268 273 1385 321 signis
1405 276 1480 311 col-

207 329 231 345 “
244 322 340 365 latis,
361 323 397 359 in
422 322 552 358 Africa
572 322 667 358 bene
700 335 745 358 ac
775 322 933 358 feliciter
965 322 1142 370 pugnavi.
1200 322 1343 371 Itaque,
1363 338 1477 372 quum

206 380 230 397 “
244 374 354 410 hodie
373 373 500 409 litibus
520 374 702 423 etjurgiis
722 374 957 422 supersederi
984 386 1131 421 aequum
1148 373 1206 417 sit,
1225 387 1296 423 ego
1310 377 1398 413 hinc
1414 391 1479 414 ex-

205 426 378 473 “templo
398 425 435 461 in
457 426 683 473 Capitolium
698 426 743 462 ad
757 426 891 462 Jovem
907 426 1104 474 Optimum
1122 426 1346 469 Maximum,
1363 429 1480 466 Juno-

173 487 190 511 ⁵
204 482 401 525 “nemque
429 484 467 514 et
495 477 719 524 Minervam,
739 486 968 525 caeterosque
994 478 1108 521 Deos,
1129 478 1192 525 qui
1223 478 1408 526 Capitolio
1427 488 1481 517 at-

203 535 227 551 “
240 541 312 577 que
332 529 409 565 arci
428 529 642 577 praesident,
670 530 886 566 salutandos
905 530 966 566 ibo
984 542 991 566 :
1032 530 1162 577 hisque
1191 531 1329 578 gratias
1358 544 1478 580 agam,

203 587 227 603 “
240 580 340 629 quod
361 581 452 617 mihi
472 588 509 617 et
529 582 600 617 hoc
620 582 700 630 ipso
719 582 794 628 die,
822 589 860 618 et
878 594 976 630 saepe
997 581 1102 627 alias,
1120 582 1271 630 egregie
1304 583 1356 618 rei
1389 584 1480 631 pub-

203 632 322 669 “licae
341 633 517 681 gerendae
546 641 711 670 mentem
742 634 1030 681 facultatemque
1050 634 1245 670 dederunt.
1303 634 1477 672 Vestrum

201 690 385 732 “quoque
414 685 550 733 quibus
578 687 818 722 commodum
856 693 924 728 est,
955 686 1004 722 ite
1034 698 1198 732 mecum,
1226 686 1411 730 Quirites,
1442 695 1479 724 et

157 745 186 770 ιο
202 741 340 773 “orate
362 737 476 780 Deos,
507 744 547 774 ut
565 738 638 774 mei
659 738 800 774 similes
824 738 1013 787 principes
1042 738 1235 774 habeatis:
1279 738 1343 784 ita,
1372 739 1403 775 si
1432 740 1479 775 ab

201 793 225 810 ‘⁶
239 789 347 824 annis
366 790 636 837 septemdecim
657 791 703 826 ad
723 798 957 827 senectutem
978 803 1124 838 semper
1153 803 1216 827 vos
1236 797 1382 827 aetatem
1404 804 1479 827 me-

200 842 223 862 ‘
238 852 297 876 am
328 841 530 878 honoribus
550 842 681 878 vestris
710 843 892 889 anteistis‚
923 855 994 890 ego
1023 850 1162 879 vestros
1182 843 1341 879 honores
1369 843 1480 879 rebus

199 894 223 914 “
237 893 416 941 gerendis
436 895 623 942 praecessi.
630 894 652 910 ⁷²
699 895 761 931 Ab
781 873 957 931 Rostiis
949 907 987 930 in
1009 894 1235 942 Capitolium
1255 895 1478 932 adscendit:

198 943 308 980 simul
328 957 368 981 se
397 946 571 982 universa
599 947 734 983 concio
764 947 908 989 avertit,
938 953 975 982 et
1003 953 1134 982 secuta
1159 947 1376 995 Scipionem
1397 954 1477 992 est3

154 1005 184 1030 15
198 994 303 1041 adeo,
324 1003 365 1032 ut
382 996 569 1054 postremo
589 999 722 1034 scribae
756 999 987 1046 viatoresque
1021 998 1190 1034 tribunos
1210 976 1479 1057 relinquerent}

196 1059 269 1083 nec
289 1060 376 1084 cum
397 1048 453 1094 iis,
480 1056 613 1097 praeter
642 1050 814 1086 servilem
848 1049 1081 1096 comitatum,
1109 1057 1146 1086 et
1173 1062 1386 1098 praeconem
1415 1051 1478 1099 qui

196 1111 303 1135 reum
322 1112 369 1136 ex
389 1100 537 1137 Rostris
556 1101 709 1148 citabat,
729 1103 923 1150 quisquam
943 1109 1052 1138 esset.
1094 1102 1236 1150 Scipio,
1253 1115 1328 1138 non
1350 1103 1388 1138 in
1408 1103 1480 1139 Ca-

196 1150 326 1199 pitolio
345 1151 470 1198 modo,
491 1153 557 1189 sed
576 1166 642 1201 per
662 1160 775 1190 totam
793 1154 936 1198 urbem,
956 1153 1083 1189 omnia
1095 1154 1233 1202 templa
1248 1153 1376 1191 Deam
1391 1167 1477 1191 cum

196 1202 332 1251 populo
352 1203 528 1241 Romano
546 1206 747 1242 circumiit.
805 1206 1037 1242 Celebratior
1058 1205 1089 1241 is
1120 1205 1232 1263 prope
1253 1206 1334 1242 dies
1353 1206 1478 1242 favore

151 1265 183 1290 20
198 1255 392 1292 hominum
412 1263 449 1292 et
469 1257 716 1293 aestimatione
737 1270 832 1294 verae
861 1257 1134 1306 magnitudinis
1160 1257 1241 1306 ejus
1262 1257 1342 1301 fuit,
1364 1271 1476 1306 quam

195 1318 268 1354 quo
288 1307 523 1366 triumphans
548 1309 594 1345 de
625 1310 798 1358 Syphace
827 1322 915 1359 rege
944 1316 981 1345 et
1009 1309 1389 1358 Carthaginiensibus
1409 1310 1461 1347 Ur

196 1358 281 1395 bem
298 1366 354 1396 est
374 1360 555 1397 invectus.

246 1462 334 1499 LII.
364 1464 442 1501 Hic
471 1466 663 1514 speciosus
690 1466 844 1503 ultimus
863 1467 944 1502 dies
964 1466 1005 1502 P.
1029 1466 1194 1514 Scipioni
1215 1466 1362 1503 illuxit:
1391 1473 1475 1524 post

192 1527 304 1563 quem
331 1529 445 1564 quum
476 1517 654 1554 invidiam
684 1526 721 1554 et
749 1519 957 1555 certamina
985 1531 1073 1554 cum
1103 1518 1264 1554 tribunis
1289 1519 1476 1567 prospice-

148 1574 260 1610 επεὶ,
283 1568 344 1604 die
371 1569 540 1618 longiore
559 1570 741 1618 prodicta,
771 1571 808 1606 in
839 1570 1076 1606 Literninum
1105 1570 1323 1614 concessit,
1371 1578 1475 1608 certo

194 1619 363 1666 consilio,
384 1633 432 1656 ne
452 1622 498 1657 ad
518 1634 671 1658 causam
691 1622 893 1659 dicendam
914 1623 1074 1659 adesset.
1130 1622 1252 1671 Major
1269 1623 1417 1658 animus
1437 1632 1475 1660 et

193 1671 328 1707 natura
347 1681 437 1718 erat,
458 1685 503 1709 ac
523 1674 653 1722 majori
688 1674 844 1710 sortunae
878 1681 1061 1717 assuetus,
1092 1673 1204 1722 quam
1226 1682 1266 1710 ut
1286 1687 1371 1710 reus
1390 1687 1474 1710 esse

194 1722 317 1767 sciret,
348 1731 386 1761 et
413 1703 633 1762 submittere
653 1738 692 1762 se
713 1726 752 1762 in
782 1727 1032 1762 humilitatem
1066 1738 1219 1762 causam
1249 1726 1471 1763 dicentium.

193 1773 267 1810 Ubi
287 1775 368 1812 dies
387 1777 499 1822 venit,
520 1777 700 1826 citarique
721 1778 857 1814 absens
889 1785 945 1814 est
978 1785 1134 1826 coeptus,
1168 1777 1212 1814 L.
1231 1778 1360 1826 Scipio
1379 1791 1474 1814 mor-

148 1841 180 1866 :30
193 1825 281 1862 bum
303 1841 428 1864 causae
447 1841 542 1874 esse,
577 1842 643 1866 cur
664 1830 825 1872 abesset,
857 1830 1087 1866 excusabat:
1130 1842 1240 1887 quarn
1264 1830 1474 1866 excusatio-

192 1890 279 1914 nem
299 1893 413 1928 quum
434 1881 586 1926 tribuni,
607 1882 669 1929 qui
690 1882 790 1918 diem
810 1882 994 1925 dixerant,
1024 1895 1100 1918 non
1120 1882 1350 1930 acciperent,
1371 1889 1407 1918 et
1427 1882 1473 1918 ab

191 1930 326 1968 eadem
347 1933 517 1980 superbia
539 1946 613 1969 non
636 1934 761 1969 venire
795 1935 840 1969 ad
862 1947 1013 1970 causam
1035 1934 1235 1970 dicendam
1257 1940 1472 1982 arguerent,

191 1983 265 2030 qua
281 1984 468 2032 judicium
500 1992 537 2021 et
565 1985 734 2021 tribunos
765 1986 885 2034 plebis
913 1993 950 2022 et
978 1986 1201 2022 concionem
1232 1986 1471 2033 reliquisset;

192 2040 243 2077 et,
262 2036 426 2083 quibus'
413 2049 475 2094 jus
495 2037 540 2073 de
561 2049 600 2073 se
621 2037 793 2074 dicendae
814 2038 1011 2074 sententiae
1026 2045 1062 2074 et
1082 2038 1289 2073 libertatern
1313 2038 1472 2073 ademis-

146 2102 179 2127 ³5
192 2093 258 2132 set,
280 2088 337 2124 his
357 2088 567 2132 comitatus
588 2089 689 2126 velut
707 2097 835 2147 captos
855 2091 1020 2136 trahens,
1041 2090 1268 2147 triumphum
1290 2089 1337 2125 de
1356 2102 1472 2138 popu-

191 2137 227 2174 lo
246 2139 423 2176 Romano
442 2140 592 2188 egisset,
613 2142 939 2189 secessionemque
968 2154 1013 2178 eo
1041 2141 1103 2177 die
1133 2141 1170 2177 in
1202 2140 1429 2199 Capitolium
1451 2154 1472 2177 a

191 2191 353 2228 tribunis
381 2192 501 2240 plebis
537 2193 715 2230 fecisset:
773 2194 971 2230 “Habetis
1007 2206 1097 2242 ergo
1125 2193 1345 2229 temeritatis
1373 2193 1471 2229 illius

191 2243 460 2280 “mercedem.
516 2244 607 2284 Quo
637 2246 734 2282 duce
767 2253 804 2282 et
837 2253 990 2282 auctore
1018 2258 1086 2282 nos
1114 2244 1327 2293 reliquistis,
1351 2245 1398 2281 ab
1426 2258 1471 2282 eo

191 2295 301 2344 “ipsi
321 2296 441 2333 relicti
461 2297 574 2333 estis:
621 2304 658 2334 et
677 2304 822 2334 tantum
853 2298 1063 2335 animorum
1097 2297 1135 2334 in
1170 2298 1251 2333 dies
1270 2297 1379 2333 nobis
1407 2297 1471 2332 de-

146 2349 216 2388 40“
233 2348 382 2391 crescit,
405 2356 457 2392 ut,
478 2349 524 2385 ad
543 2362 668 2398 quem,
689 2357 774 2386 ante
804 2363 923 2387 annos
949 2349 1232 2398 septemdecim,
1263 2349 1468 2385 exercitum

191 2401 270 2436 “et
288 2400 445 2436 classem
481 2402 692 2448 habentem,
726 2402 895 2439 tribunos
925 2402 1042 2451 plebis
1073 2401 1293 2449 aedilemque
1323 2400 1469 2436 mittere

191 2452 271 2489 “in
293 2453 461 2490 Siciliam
482 2454 561 2490 ausi
582 2466 724 2501 sumus,
750 2455 811 2503 qui
832 2455 1110 2504 prehenderent
1129 2466 1228 2498 eum,
1247 2460 1285 2488 et
1305 2452 1469 2489 Romam
