1617 2765
688 146 824 178 LIBER
847 146 919 176 XL.
948 155 1030 177 CAP.
1048 157 1114 177 x11.
1443 151 1518 188 ‘271

239 246 264 264 “
278 253 358 278 rum
380 241 621 288 successerit,
642 247 800 277 mortem
821 252 944 277 meam
979 240 1078 276 idem
1100 248 1139 277 tu
1159 243 1331 291 persequi
1363 256 1436 280 non
1458 257 1521 294 po-

238 299 262 316 “
276 293 404 330 teris.’‘

287 397 382 434 XII.
441 397 639 446 Postquam
669 397 822 434 dicendi
865 397 979 433 finem
1022 397 1182 434 Perseus
1223 397 1326 445 fecit,
1356 400 1520 449 conjecti

234 461 375 496 eorum,
412 449 475 499 qui
505 450 673 494 aderant,
694 449 794 487 oculi
823 450 861 486 in
892 449 1128 486 Demetrium
1159 457 1260 496 sunt,
1303 451 1402 488 velut
1431 465 1522 489 con-

205 500 359 546 5festim
388 515 635 551 responsurus
654 509 776 539 esset:
824 502 963 538 deinde
993 502 1058 538 diu
1080 502 1148 538 fuit
1168 503 1374 546 silentium,
1404 517 1519 552 quum

234 554 424 602 perfusum
446 554 534 591 fletu
555 563 750 603 appareret
768 555 944 591 omnibus
964 554 1063 603 loqui
1085 568 1159 591 non
1181 568 1300 603 posse.
1342 555 1520 594 Tandem

235 606 323 643 vicit
341 608 506 644 dolorem
527 607 607 656 ipsa
627 607 844 652 necessitas,
865 620 980 655 quum
1014 608 1141 643 dicere
1167 607 1366 656 juberent;
1410 616 1520 656 atque

233 656 285 694 ita
303 672 409 695 orsus
428 667 510 696 est:
542 660 733 705 “Omnia‚
754 672 836 708 quae
865 672 1014 696 reorum
1044 667 1156 696 antea
1185 660 1334 696 fuerant
1367 662 1519 705 auxilia,

234 715 389 759 “pater,
408 712 686 761 praeoccupavit
709 718 919 749 accusator.
977 712 1172 748 Simulatis
1200 711 1376 761 lacrymis
1411 714 1448 749 in
1470 714 1521 750 al-

189 781 219 806 10
233 764 390 800 “terius
411 764 618 813 perniciem
639 777 743 801 veras
763 777 867 801 meas
891 764 1077 813 lacrymas
1106 772 1302 813 suspectas
1331 765 1398 802 tibi
1420 766 1519 802 fecit.

234 819 258 836 “
272 815 406 855 Quum
438 817 528 865 ipse,
549 830 595 853 ex
615 830 688 865 quo
708 817 755 853 ab
776 817 902 853 Roma
931 817 1038 860 redii,
1069 830 1134 865 per
1163 817 1316 854 occulta
1335 830 1421 854 cum
1442 818 1521 855 suis

234 871 258 888 ‘⁶
273 869 460 918 colloquia
479 870 561 906 dies
581 877 787 918 noctesque
808 869 1006 906 insidietur
1024 883 1033 914 3
1069 870 1164 906 ultro
1184 870 1276 906 mihi
1297 883 1372 907 non
1392 870 1522 907 insidi-

234 924 258 941 “
272 922 384 958 atoris
405 920 530 965 modo,
552 922 618 958 sed
639 921 792 958 latronis
813 922 1001 958 manifesti
1021 929 1059 958 et
1078 922 1322 970 percussoriS,
1353 923 1520 971 speciem

233 976 257 993 “
272 973 406 1010 induit.
447 974 623 1011 Periculo
642 987 710 1010 suo
729 981 765 1010 te
785 981 960 1017 exterret,
983 982 1023 1011 ut
1042 974 1196 1011 innoxio
1217 974 1318 1011 fratri
1339 988 1404 1023 per
1417 988 1521 1012 eum-

188 1043 219 1067 15
233 1028 256 1044 ‘⁴
269 1025 355 1062 dem
376 1032 413 1062 te
433 1033 594 1063 maturet
612 1025 834 1075 perniciem.
878 1026 1098 1075 Perfugium
1115 1026 1185 1062 sibi
1200 1039 1383 1075 nusquam
1400 1027 1522 1076 genti-

232 1080 257 1097 “
273 1091 336 1114 um
350 1091 433 1115 esse
447 1078 511 1122 ait,
524 1085 564 1115 ut
578 1091 650 1127 ego
667 1091 714 1114 ne
731 1078 829 1127 apud
845 1078 1042 1126 tequidem
1056 1079 1260 1127 quidquam
1274 1080 1352 1127 spei
1368 1080 1520 1128 reliquae

231 1127 254 1148 “
268 1131 441 1168 habeam.
499 1131 825 1175 Circumventum,
855 1131 989 1177 solum,
1020 1131 1181 1179 inopem,
1218 1131 1361 1168 invidia
1390 1133 1520 1181 gratiae

231 1181 438 1220 “externae
470 1181 571 1234 (quae
599 1184 706 1220 obest
740 1182 863 1231 potius
892 1183 1003 1231 quam
1032 1184 1199 1235 prodest)
1233 1192 1376 1220 onerat.
1433 1185 1520 1222 Jam

231 1234 256 1254 “
270 1235 361 1272 illud
381 1235 493 1284 qutim
510 1236 758 1282 accusatorie,
788 1234 888 1283 qued
919 1235 1041 1272 noctis
1062 1236 1172 1285 hujus
1193 1236 1338 1273 crimen
1368 1237 1521 1274 miscuit

186 1303 219 1328 20
231 1286 256 1307 “
269 1300 357 1324 cum
378 1289 515 1325 caetera
535 1288 785 1325 insectatione
816 1287 899 1324 vitae
933 1288 1048 1324 meae!
1094 1295 1189 1325 utet
1208 1289 1293 1335 hoc,
1326 1289 1424 1337 quod
1441 1290 1519 1339 jam

230 1339 378 1389 “quale
398 1341 458 1384 sit,
479 1341 590 1384 scies,
612 1348 830 1389 suspectum
852 1341 923 1377 alio
944 1340 1027 1377 vitae
1049 1348 1183 1377 nostrae
1203 1348 1333 1378 tenore
1354 1342 1519 1386 faceret3

230 1393 306 1430 “et
338 1393 439 1430 illam
470 1407 603 1430 vanam
636 1393 938 1430 criminationem
969 1394 1061 1442 spei,
1099 1393 1312 1437 voluntatis,
1347 1394 1521 1431 consilio-

230 1446 350 1482 “rum
381 1459 549 1483 meorum
581 1453 766 1482 nocturno
796 1446 868 1482 hoc
897 1446 984 1482 ficto
1003 1454 1041 1482 et
1069 1446 1276 1494 composito
1297 1454 1521 1496 argumento

230 1498 256 1519 “
269 1497 429 1535 fulciret.
487 1499 609 1535 Simul
638 1506 676 1535 et
705 1499 795 1534 illud
816 1498 1000 1546 quaesivit,
1028 1506 1068 1535 ut
1088 1499 1286 1547 repentina
1304 1507 1342 1535 et
1362 1498 1520 1536 minime

185 1551 478 1600 25“praeparata
495 1551 687 1588 accusatio
707 1551 908 1597 videretur,
928 1551 1066 1600 quippe
1095 1564 1142 1587 ex
1170 1552 1293 1588 noctis
1314 1551 1425 1601 hujus
1447 1564 1522 1588 me-

231 1605 257 1626 “
270 1610 310 1639 tu
330 1611 368 1639 et
396 1603 559 1640 tumultu
579 1604 777 1652 repentino
796 1610 935 1640 exorta.
993 1603 1171 1652 Oportuit
1189 1611 1330 1651 autem,
1366 1605 1519 1648 Persen,

231 1655 300 1691 “si
329 1656 494 1704 proditor
513 1668 584 1705 ego
613 1656 728 1704 patris
749 1656 930 1704 regnique
963 1668 1079 1699 eram,
1108 1656 1137 1692 si
1158 1669 1245 1693 cum
1268 1656 1468 1702 Romanis,
1489 1657 1521 1693 si

231 1709 357 1744 “cum
379 1708 460 1744 aliis
480 1708 646 1745 inimicis
665 1708 792 1756 patris,
828 1708 985 1744 inieram
1019 1708 1189 1751 consilia,
1224 1721 1300 1745 non
1326 1717 1521 1757 exspecta-

232 1763 347 1797 “tam
367 1760 531 1797 fabulam
561 1761 683 1798 noctis
712 1760 823 1809 hujus
851 1773 946 1805 esse,
977 1761 1042 1796 sed
1072 1761 1294 1809 proditionis
1314 1774 1408 1797 meae
1429 1763 1519 1798 ante

187 1815 256 1852 θοι(
270 1825 329 1849 me
350 1820 597 1850 accusatum:
645 1813 675 1849 si
713 1813 788 1856 illa,
827 1820 998 1861 separata
1030 1813 1077 1849 ab
1108 1814 1191 1857 hac,
1213 1826 1308 1850 vana
1328 1814 1521 1851 accusatio

231 1868 257 1890 “
270 1872 362 1908 erat,
384 1865 638 1914 invidiamque
658 1872 760 1902 tuam
788 1865 967 1902 adversus
987 1878 1047 1902 me
1076 1866 1197 1915 magis
1228 1865 1341 1914 quam
1375 1866 1519 1903 crimen

232 1921 257 1943 “
271 1930 397 1954 meum
419 1918 644 1961 indicatura,
666 1918 778 1954 hodie
797 1930 944 1966 quoque
966 1931 1050 1954 eam
1083 1925 1147 1954 aut
1176 1918 1422 1966 praetermitti‚
1457 1926 1522 1956 aut

232 1970 308 2006 “in
346 1970 448 2007 aliud
484 1976 632 2019 tempus
667 1970 808 2006 differri
827 1983 834 2014 ;
882 1977 922 2006 ut
959 1971 1247 2019 perspiceretur,
1288 1972 1409 2007 utrum
1449 1984 1522 2020 ego

233 2026 257 2048 ‘⁴
271 2022 352 2069 tibi,
372 2035 418 2059 an
440 2030 478 2059 tu
511 2023 615 2068 mihi,
636 2035 732 2060 novo
760 2023 913 2070 quidem
933 2030 970 2059 et
990 2023 1171 2072 singulari
1191 2036 1332 2072 genere
1351 2024 1442 2066 odii,
1464 2024 1520 2060 in-

188 2074 385 2114 35“sidias
419 2075 584 2112 fecisses.
641 2075 724 2124 Ego
753 2082 895 2118 tamen,
925 2075 1171 2123 quantumin
1194 2076 1264 2112 hac
1284 2075 1410 2112 subita
1438 2089 1521 2124 per-

233 2127 483 2164 “turbatione
503 2135 645 2177 potero,
666 2128 847 2177 separabo
866 2140 923 2170 ea,
944 2140 1027 2176 quae
1047 2135 1086 2164 tu
1107 2128 1311 2164 confudisti
1329 2141 1338 2171 ς
1375 2137 1413 2165 et
1432 2141 1521 2165 noc-

233 2179 318 2217 “tis
338 2180 449 2230 hujus
468 2180 638 2224 insidias,
659 2188 723 2217 aut
742 2188 825 2217 tuas
859 2187 923 2216 aut
946 2193 1061 2224 meas,
1083 2181 1271 2229 detegam.
1328 2180 1521 2218 Occiden-

233 2238 258 2260 “
271 2232 308 2269 di
329 2233 386 2269 sui
406 2232 606 2270 consilium
626 2246 685 2270 me
706 2233 821 2270 inisse
842 2232 958 2269 videri
980 2233 1082 2278 vult;
1125 2240 1165 2269 ut
1198 2233 1358 2280 scilicet,
1378 2233 1519 2282 majore

233 2291 257 2313 “
272 2284 382 2322 fratre
399 2285 557 2329 sublato,
579 2286 688 2335 cujus
704 2286 787 2335 jure
806 2285 991 2334 gentium,
1025 2298 1128 2322 more
1161 2285 1434 2328 Macedonum,
1455 2293 1520 2323 tuo

190 2338 399 2385 maenam,
433 2344 474 2375 ut
492 2338 556 2385 ait,
582 2338 738 2387 judicio,
769 2351 927 2387 regnum
959 2345 1016 2375 est
1052 2338 1231 2385 futurum,
1269 2351 1353 2387 ego,
1384 2338 1519 2384 minor,

234 2399 258 2419 “
272 2391 308 2428 in
339 2391 433 2439 ejus,
453 2403 562 2439 quem
582 2391 821 2437 occidissem,
851 2391 1098 2428 succederem
1131 2391 1268 2428 locum.
1324 2390 1432 2429 Quid
1464 2402 1521 2426 er-

236 2451 259 2472 “
273 2457 320 2494 go
343 2444 406 2480 illa
425 2444 496 2480 sibi
516 2443 592 2480 vult
611 2456 696 2493 pars
725 2444 841 2481 altera
870 2444 1062 2488 orationis,
1096 2446 1169 2493 qua
1202 2444 1399 2482 Romanos
1419 2455 1439 2478 a
1458 2454 1519 2479 me
