1617 2765
556 187 695 219 LIBER
718 187 828 218 XXX.
875 196 956 220 cAP.
974 197 1095 219 xxxvr.
1400 192 1475 230 241

189 286 324 324 hostile
344 285 576 322 hebetarent.
634 282 752 325 Tum,
774 281 839 318 ubi
858 282 982 319 omnis
1001 294 1085 331 spes
1104 289 1216 327 esset,
1234 284 1370 321 milites
1386 285 1478 322 Car-

189 339 449 387 thaginienses
481 336 693 384 Afrosque:
741 341 794 378 ut,
827 334 1004 371 omnibus
1025 334 1138 370 rebus
1165 334 1247 370 aliis
1267 348 1388 384 pares,
1417 337 1476 383 eo,

188 389 287 439 quod
321 388 458 437 integri
492 400 582 424 cum
620 386 728 423 sessis
764 399 809 423 ac
840 386 979 423 sauciis
1008 393 1235 435 pugnarent,
1267 389 1479 436 superiores

187 448 337 485 essent3
378 440 544 487 Italicos,
566 439 760 476 intervallo
779 451 926 487 quoque
953 439 1170 487 diremptOS‚
1191 438 1356 476 incertos
1385 441 1477 477 socii

159 503 176 527 5
189 506 236 530 an
258 494 383 530 hostes
402 500 542 539 essent,
562 492 600 529 in
621 500 849 540 postremam
866 491 988 527 aciem
1009 491 1213 527 submotos.
1272 491 1359 528 Hoc
1378 493 1479 530 edito

188 546 289 582 velut
324 544 456 581 ultimo
485 544 630 581 virtutis
666 556 793 592 opere,
838 543 1047 586 Hannibal,
1077 555 1193 592 quum
1223 543 1478 581 Adrumetum

187 597 399 646 refugisset,
421 596 641 645 accitusque
662 595 750 632 inde
774 595 1061 644 Carthaginem,
1093 602 1198 632 sexto
1218 608 1264 632 ac
1284 595 1479 645 trigesimo

186 648 269 698 pbst
288 661 387 686 anno
405 647 519 697 quam
538 661 632 697 puer
652 648 740 684 inde
761 647 952 696 profectus
972 654 1064 691 erat,
1095 648 1266 695 redisset,
1298 648 1419 685 fassus
1439 649 1477 685 in

187 701 290 738 curia
306 707 373 746 est,
394 713 470 738 non
490 700 622 749 proelio
641 698 752 736 mode»
780 712 834 744 se,
865 700 932 736 sed
962 700 1060 736 bello
1088 700 1243 747 victum,
1275 713 1348 738 nec
1370 714 1477 751 spem

145 762 174 787 10
186 753 316 791 salutis
336 753 435 798 alibi,
458 751 570 802 quam
588 752 626 790 in
647 765 741 802 pace
764 752 1016 802 impetranda,
1037 765 1131 789 esse.

239 859 433 898 XXXVI.
478 859 619 909 Scipio,
641 858 842 896 confestim
862 872 884 895 a
904 858 1036 908 proelio
1058 859 1284 908 expugnatis
1313 860 1476 897 hostium

187 913 320 949 castris
348 912 588 960 direptisque,
623 924 710 948 cum
742 911 887 960 ingenti
917 912 1042 960 praeda
1071 912 1118 948 ad
1148 924 1251 948 mare
1288 925 1333 949 ac
1362 925 1477 949 naves

186 964 321 1009 rediit;
368 964 502 1000 nuntio
531 964 655 1009 allato,
691 963 731 999 P.
753 963 959 1000 Lentulum
992 976 1080 1000 cum
1109 964 1384 1013 quinquaginta
1402 977 1477 1001 ros-

186 1015 305 1062 tratis,
335 1025 489 1052 centum
519 1014 714 1058 onerariis,
750 1028 837 1051 cum
868 1016 971 1052 omni
1000 1029 1141 1064 genere
1162 1016 1400 1053 commeatus
1429 1016 1476 1052 ad

143 1067 337 1104 15Uticam
357 1067 576 1105 accessisse.
633 1068 927 1104 Admovendum
949 1068 1061 1117 igitur
1094 1069 1263 1117 undique
1297 1076 1476 1106 terrorem

186 1120 369 1169 perculsae
389 1120 614 1169 Carthagini
635 1127 750 1163 ratus,
773 1120 886 1157 misso
907 1120 1024 1157 Laelio
1044 1121 1208 1157 Romam
1242 1134 1331 1158 cum
1362 1122 1477 1158 victo-

186 1172 251 1208 riae
271 1173 417 1219 nuntio,
451 1172 524 1209 Cn.
545 1172 748 1209 Octavium
775 1172 939 1208 terrestri
973 1173 1106 1209 itinere
1137 1173 1277 1210 ducere
1307 1173 1476 1223 legiones

187 1223 460 1273 Carthaginem
487 1224 620 1273 jubet:
665 1224 757 1273 ipse,
788 1224 834 1260 ad
864 1237 970 1260 suam
1000 1232 1166 1261 veterem
1195 1225 1292 1262 nova
1321 1225 1475 1262 Lentuli

187 1276 308 1313 classe
329 1277 519 1326 adjuncta,
539 1276 730 1325 profectus
751 1277 798 1313 ab
818 1277 928 1314 Utica
962 1284 1109 1326 portum
1140 1277 1382 1328 Carthaginis
1410 1290 1476 1326 pe-

140 1338 173 1363 20
187 1328 241 1365 tit.
299 1328 414 1365 Haud
433 1329 562 1378 procul
584 1329 724 1372 aberat,
745 1342 859 1377 quum
882 1328 1002 1366 velata
1027 1329 1156 1366 infulis
1176 1331 1363 1379 ramisque
1382 1330 1475 1367 oleae

188 1380 562 1430 Carthaginiensium
581 1381 747 1418 occurrit
767 1381 883 1418 navis.
941 1381 1087 1418 Decem
1107 1382 1221 1430 legati
1248 1390 1356 1420 erant
1374 1383 1475 1432 prin-

187 1433 291 1481 cipes
323 1433 497 1477 civitatis‚
535 1441 688 1470 auctore
720 1433 938 1470 Hannibale
972 1434 1076 1470 missi
1106 1435 1152 1470 ad
1182 1436 1383 1483 petendam
1414 1448 1476 1483 pa-

186 1498 271 1522 cem
290 1498 297 1522 :
327 1485 389 1533 qui
409 1498 525 1533 quum
546 1486 593 1521 ad
614 1486 767 1534 puppim
787 1486 969 1534 praetoriae
996 1486 1104 1523 navis
1129 1488 1393 1531 accessissent,
1415 1499 1476 1523 ve-

186 1537 352 1574 lamenta
393 1537 606 1586 supplicum
650 1538 900 1586 porrigentes,
949 1546 1113 1585 oranteS,
1157 1539 1474 1588 implorantesque

141 1600 174 1625 25
187 1589 300 1626 fidem
319 1596 358 1626 et
376 1589 673 1626 misericordiam
695 1590 886 1639 Scipionis
903 1603 912 1635 3
955 1591 1100 1627 nullum
1136 1591 1181 1628 iis
1201 1592 1302 1628 aliud
1322 1604 1476 1641 respon·

187 1654 270 1678 sum
291 1642 434 1688 datum,
467 1640 582 1689 quam
614 1649 654 1678 ut
682 1642 876 1679 Tunetem
906 1643 1102 1679 venirent:
1142 1642 1187 1679 eo
1217 1657 1256 1680 se
1283 1650 1475 1681 moturum

187 1700 333 1730 castra:
362 1693 441 1742 ipse
461 1694 507 1729 ab
528 1694 781 1742 contemplato
800 1694 874 1730 situ
895 1694 1151 1743 Carthaginis,
1180 1709 1257 1732 non
1290 1703 1366 1733 tam
1391 1709 1476 1733 nos·

187 1746 300 1782 cendi
321 1746 358 1782 in
379 1745 593 1794 praesentia,
613 1747 724 1794 quam
745 1746 982 1794 deprimendi
1016 1748 1133 1784 hostis
1153 1748 1283 1795 causa,
1310 1748 1473 1791 Uticam,

186 1796 320 1834 eodem
342 1805 381 1834 et
399 1797 561 1834 Octavio
589 1805 776 1844 revocato,
810 1798 932 1834 rediit.
989 1798 1085 1835 Inde
1114 1800 1409 1848 procedentibus
1427 1801 1474 1836 ad

142 1860 175 1886 3ο
188 1850 381 1887 Tunetem
402 1850 560 1886 nuntius
581 1850 728 1896 allatus,
749 1850 986 1894 Verminam,
1022 1852 1208 1900 Syphacis
1233 1852 1365 1899 filium,
1386 1865 1474 1888 cum

187 1902 375 1951 equitibus
393 1902 563 1951 pluribus
582 1902 693 1950 quam
714 1902 915 1951 peditibus,
945 1903 1073 1939 venire
1094 1903 1476 1953 Carthaginiensibus

187 1955 337 1992 auxilio.
410 1954 501 1990 Pars
536 1954 723 1990 exercitus
761 1967 849 1991 cum
878 1955 981 1991 omni
1010 1956 1177 2003 equitatu
1212 1957 1476 1994 Saturnalibus

187 2006 317 2055 primis
336 2019 473 2055 agmen
494 2018 681 2055 aggressa,
704 2006 894 2043 Numidas
917 2007 991 2044 levi
1025 2009 1232 2045 certamine
1253 2009 1369 2046 fudit:
1398 2009 1476 2045 exi-

190 2065 228 2094 tu
249 2071 398 2107 quoque
419 2058 517 2107 fugae
538 2058 752 2104 intercluso,
776 2072 798 2095 a
816 2066 920 2108 parte
943 2060 1046 2096 omni
1077 2060 1324 2098 circumdatis
1343 2061 1476 2110 equiti-

143 2121 176 2146 35
190 2110 274 2159 bus,
294 2110 514 2158 quindecim
535 2110 653 2147 millia
672 2111 867 2148 hominum
888 2124 989 2148 caesa
1005 2126 1013 2157 3
1047 2112 1150 2150 mille
1169 2120 1207 2150 et
1226 2114 1383 2150 ducenti
1402 2113 1475 2150 vivi

189 2163 290 2211 capti
310 2169 411 2206 sunt,
432 2169 469 2199 et
487 2162 574 2211 equi
595 2162 793 2200 Numidici
825 2164 926 2200 mille
958 2171 996 2200 et
1020 2165 1231 2215 quingenti,
1253 2166 1362 2215 signa
1381 2165 1476 2202 mili-

189 2215 284 2251 taria
320 2215 395 2252 duo
422 2221 459 2251 et
487 2215 735 2265 septuaginta.
810 2216 984 2265 Regulus
1027 2217 1106 2267 ipse
1136 2218 1233 2255 inter
1272 2218 1474 2255 tumultum

190 2279 278 2304 cum
297 2267 429 2315 paucis
457 2267 600 2316 effugit.
655 2267 759 2305 Tum
780 2268 826 2304 ad
847 2268 1040 2306 Tunetem
1074 2270 1222 2317 eodem,
1252 2284 1325 2319 quo
1351 2278 1472 2315 antea,

190 2319 275 2356 loco
294 2326 417 2355 castra
435 2319 580 2368 posita,
609 2319 798 2369 legatique
817 2321 971 2370 triginta
1000 2321 1231 2372 Carthagine
1262 2323 1308 2360 ad
1330 2322 1474 2372 Scipio-

145 2382 177 2407 40
191 2384 280 2408 nem
299 2378 484 2408 venerunt
501 2384 509 2408 :
552 2378 590 2408 et
609 2370 661 2409 illi
675 2373 828 2421 quidem
849 2372 967 2410 multo
988 2374 1256 2418 miserabilius,
1276 2375 1388 2423 quam
1409 2386 1474 2410 an-

191 2422 244 2469 te,
266 2423 357 2472 (quo
377 2423 497 2473 magis
516 2424 677 2472 cogebat
695 2424 861 2476 fortuna)
882 2433 1064 2474 egerunt:
1107 2428 1173 2464 sed
1197 2425 1386 2475 aliquanto
1406 2425 1474 2462 mi-

190 2488 280 2514 nore
300 2489 387 2514 cum
418 2476 676 2513 misericordia
705 2477 752 2514 ab
781 2478 925 2515 recenti
956 2479 1138 2517 memoria
1170 2479 1336 2529 perfidiae
1355 2477 1473 2515 auditi

555 2528 603 2566 21
