1617 2765
591 182 729 213 LIBER
751 180 844 211 XXI.
883 188 1098 211 cAP.xxxv1.
1429 180 1499 218 181

215 279 343 317 omnia
362 278 447 316 nive
466 277 625 326 oppleta,
647 288 775 324 quum,
796 275 916 325 signis
935 274 1056 322 prima
1075 273 1161 310 luce
1181 273 1305 320 motis,
1335 274 1502 323 segniter

217 344 353 380 agmen
375 330 580 376 incederet,
601 328 826 386 pigritiaque
860 334 897 363 et
916 326 1156 375 desperatio
1149 339 1186 362 1n
1206 326 1376 362 omnium
1378 307 1501 363 ιε’νιιΙῐιι

215 385 424 426 emineret;
453 394 684 431 praegressus
712 381 821 429 signa
849 379 1074 416 Hannibal
1065 391 1103 414 1n
1133 378 1386 435 promontorio
1414 392 1503 437 quo-

216 436 314 480 dam,
339 435 439 471 unde
472 432 584 483 longe
616 445 661 469 ac
691 433 763 469 late
792 439 1012 481 prospectus
1034 438 1126 477 erat,
1155 430 1362 467 consistere
1389 430 1502 478 jussis

170 498 186 522 5
216 487 396 523 militibus
433 486 581 523 Italiam
619 492 793 530 ostentat,
837 484 1101 542 subjectosque
1131 482 1282 531 Alpinis
1311 483 1502 518 montibus

216 538 541 587 Circumpadanos
569 549 751 586 campos:
783 543 807 559 “
824 536 1037 584 moeniaque
1066 548 1131 572 eos
1159 544 1239 571 tum
1259 534 1503 570 transcende-

217 598 293 628 “re
321 603 397 627 non
426 590 546 627 Italiae
577 589 699 633 modo,
729 590 795 626 sed
825 589 938 625 etiam
967 588 1072 624 urbis
1104 588 1318 624 Romanae:
1366 593 1503 623 caetera

216 643 375 692 “plana‚
404 642 584 692 proclivia
614 642 720 679 fore:
769 654 856 685 un0,
895 647 959 677 aut
997 653 1187 676 summum
1225 639 1342 675 altero
1370 639 1502 707 proelip

215 701 380 732 “arcem
407 701 445 732 et
476 702 590 744 caput
618 694 738 731 Italiae
768 694 805 731 in
840 705 956 730 manu
985 705 1030 729 ac
1059 699 1241 741 potestate
1271 691 1501 728 habituros.’'

173 759 200 784 10
213 747 425 784 Procedere
446 747 534 784 inde
554 759 690 796 agmen
712 747 850 795 coepit·
876 745 952 795 jam
974 746 1067 781 nihil
1089 758 1136 781 ne
1152 744 1322 781 hostibus
1334 744 1500 792 quidem,

214 807 347 848 praeter
366 812 480 848 parva
499 799 596 836 furta
630 811 694 848 per
727 798 982 845 occasionem,
1003 797 1249 834 tentantibus.
1308 795 1501 832 Caeterum

215 852 284 888 iter
304 850 434 898 multo,
455 865 567 900 quam
587 852 625 888 in
646 851 832 888 adscensu
854 851 988 897 fuerat,
1011 851 1069 898 (ut
1088 850 1264 898 pleraque
1279 848 1434 897 Alpium
1455 849 1502 884 ab

214 903 322 941 Italia
343 905 441 941 sicut
460 904 640 949 breviora,
662 904 713 940 ita
732 903 934 939 arrectiora
953 903 1059 952 sunt)
1079 902 1271 938 difficilius
1291 901 1386 937 fuit:
1425 913 1503 937 om-

213 956 272 992 nis
291 956 393 992 enim
414 956 530 992 serme
550 956 609 991 via
628 968 808 1004 prteceps,
830 962 1001 1003 angusta,
1023 954 1169 990 lubrica
1188 961 1268 990 erat
1285 966 1294 997 3
1325 960 1365 989 ut
1379 965 1502 1001 neque

170 1023 200 1047 15
214 1008 399 1044 sustinere
420 1020 459 1044 se
480 1020 501 1043 a
518 1007 625 1056 lapsu
644 1014 818 1056 possent;
857 1019 942 1049 nec,
963 1006 1025 1054 qui
1046 1006 1238 1055 paululum
1260 1005 1500 1051 titubassent,

213 1060 355 1097 haerere
376 1059 503 1096 afflicti
523 1059 681 1108 vestigio
707 1072 799 1104 suo;
843 1058 980 1108 aliique
1001 1071 1113 1108 super
1133 1057 1237 1104 alios,
1259 1065 1297 1094 et
1326 1056 1498 1106 jumenta

213 1119 251 1149 et
270 1113 454 1156 homines,
475 1112 707 1149 occiderent.

266 1217 458 1254 XXXVI.
497 1217 665 1254 Ventum
686 1216 824 1254 deinde
854 1217 900 1253 ad
931 1215 1048 1253 multo
1078 1216 1333 1265 angustiorem
1356 1228 1500 1264 rupem,

214 1276 324 1318 atque
345 1270 396 1306 ita
415 1269 528 1306 rectis
548 1270 658 1316 saxis,
680 1279 720 1306 ut
741 1269 840 1319 tegre
861 1269 1061 1318 expeditus
1091 1269 1198 1305 miles
1227 1268 1500 1315 tentabundus,

169 1322 461 1372 20manibusque
494 1323 663 1359 retinens
691 1322 852 1371 virgulta
888 1335 933 1358 ac
971 1323 1105 1371 stirpes
1142 1320 1245 1357 circa
1275 1321 1500 1366 eminentes,

214 1375 410 1411 demittere
430 1388 512 1412 sese
531 1382 667 1424 posset.
727 1375 871 1411 Natura
892 1375 997 1411 locus
1027 1375 1104 1424 jam
1139 1374 1225 1410 ante
1246 1386 1424 1422 praeceps,
1445 1385 1503 1409 re-

213 1427 315 1463 centi
335 1427 440 1476 lapsu
460 1434 567 1465 terrae
588 1428 625 1464 in
646 1428 785 1476 pedum
813 1427 913 1463 mille
948 1428 1149 1464 admodum
1182 1426 1419 1462 altitudinem
1440 1425 1504 1462 ab·

212 1486 342 1527 ruptus
361 1487 452 1517 erat.
510 1480 568 1516 Ibi
587 1493 715 1528 quum,
738 1479 838 1516 velut
858 1480 903 1515 ad
934 1479 1048 1516 finem
1077 1480 1160 1524 viae,
1189 1479 1334 1527 equites
1363 1478 1502 1514 consti-

212 1531 356 1577 tissent,
386 1531 536 1569 miranti
565 1532 787 1575 Hannibali,
808 1545 890 1580 quaa
919 1545 978 1568 res
1007 1538 1214 1568 moraretur
1235 1543 1386 1580 agmen,
1406 1543 1502 1566 nun-

168 1602 201 1626 25
214 1583 339 1629 tiatur,
359 1597 491 1633 rupem
514 1585 651 1621 inviam
671 1597 753 1621 esse
772 1597 779 1620 :
823 1584 1015 1633 digressus
1047 1584 1186 1620 deinde
1207 1583 1288 1632 ipse
1309 1583 1354 1619 ad
1375 1583 1501 1619 locum

215 1635 424 1672 visendum.
482 1637 596 1673 Haud
616 1636 732 1673 dubia
759 1650 819 1673 res
848 1637 938 1680 visa,
968 1637 1057 1686 quin
1088 1649 1153 1685 per
1175 1636 1274 1672 invia
1294 1635 1398 1672 circa
1426 1648 1500 1672 nec

214 1687 300 1723 trita
326 1694 450 1732 antea,
483 1688 652 1737 quamvis
684 1689 797 1738 longo
831 1689 985 1735 ambitu,
1016 1689 1323 1726 circumduceret
1350 1700 1500 1736 agmen.

214 1739 272 1776 Ea
292 1739 378 1776 vero
408 1740 467 1777 via
495 1741 758 1790 insuperabilis
792 1741 883 1777 fuit:
928 1754 1029 1786 nam,
1049 1753 1164 1789 quum
1195 1753 1307 1788 super
1335 1747 1500 1776 veterem

214 1792 338 1828 nivem
368 1792 549 1830 intactam
586 1805 682 1829 nova
709 1793 868 1829 modicae
898 1793 1107 1830 altitudinis
1144 1800 1255 1835 esset,
1298 1791 1399 1828 molli
1428 1804 1501 1828 nec

169 1843 375 1893 30praealtae
412 1845 489 1882 nivi
528 1845 637 1882 facile
676 1846 792 1894 pedes
834 1845 1129 1904 ingredientium
1161 1844 1412 1881 insistebant:
1460 1851 1500 1881 ut

214 1895 299 1933 vero
328 1903 381 1934 tot
409 1897 604 1934 hominum
629 1896 962 1945 Jumentoruinque
992 1898 1144 1933 incessu
1173 1897 1318 1945 dilapsa
1337 1903 1407 1945 est,
1434 1909 1501 1954 per

213 1948 353 1985 nudam
374 1948 472 1986 infra
490 1949 652 1999 glaciem
683 1949 939 1998 fluentemque
972 1950 1098 1986 tabem
1129 1948 1375 1997 liquescentis
1397 1925 1501 1985 ⁷nivis

213 2001 535 2051 ingrediebantur.
591 2000 710 2038 Tetra
730 2001 779 2038 ibi
800 2001 956 2038 luctatio
975 2009 1067 2045 erat,
1103 2009 1144 2038 ut
1164 2014 1185 2037 a
1203 2001 1347 2037 lubrica
1377 2001 1500 2050 glacie

214 2065 288 2090 non
310 2054 516 2102 recipiente
538 2055 749 2103 vestigium,
770 2061 807 2090 et
836 2054 873 2090 in
902 2067 1020 2102 prono
1049 2053 1160 2090 citius
1193 2054 1289 2102 pede
1309 2066 1348 2089 se
1370 2053 1501 2090 fallen-

169 2112 277 2149 35te3
307 2113 355 2151 et,
376 2119 442 2143 seu
460 2106 634 2143 manibus
654 2107 690 2143 in
712 2107 945 2155 assurgendo
974 2119 1042 2143 seu
1073 2119 1174 2155 genu
1196 2119 1235 2142 se
1256 2105 1500 2155 adjuvissent,

216 2157 305 2206 ipsis
325 2158 565 2195 adminiculis
584 2158 744 2208 prolapsi
774 2159 804 2195 si
825 2159 959 2195 iterum
988 2159 1229 2201 corruissent,
1260 2171 1333 2194 nec
1367 2158 1500 2207 stirpes

217 2209 321 2246 circa
340 2210 545 2254 radicesve,
566 2211 613 2247 ad
633 2224 724 2260 quas
743 2212 838 2260 pede
859 2219 923 2248 aut
942 2224 1056 2247 manu
1087 2211 1282 2259 quisquam
1303 2210 1395 2247 eniti
1416 2223 1500 2259 pos-

217 2269 286 2305 set,
307 2269 439 2306 erant3
469 2263 521 2299 ita
540 2263 578 2300 in
598 2263 669 2300 levi
695 2264 847 2301 tamtam
867 2263 989 2312 glacie
1019 2263 1219 2311 tabidaque
1253 2263 1338 2299 nive
1359 2263 1500 2299 voluta-

217 2314 378 2351 bantur:
419 2314 592 2364 jumenta
623 2316 804 2353 secabant
835 2316 1024 2353 interdum
1051 2322 1088 2352 et
1113 2316 1189 2365 jam
1219 2324 1298 2352 tum
1329 2315 1497 2352 infimam

173 2384 204 2408 40
219 2366 469 2416 ingredientia
488 2368 625 2412 nivem,
653 2376 690 2406 et
718 2370 888 2418 prolapsa
912 2368 1102 2418 jactandis
1134 2367 1283 2417 gravius
1312 2368 1349 2404 in
1379 2366 1498 2403 conti-

217 2419 343 2456 nendo
372 2420 534 2469 ungulis,
566 2421 714 2468 penitus
742 2421 1052 2470 perfringebant:
1109 2428 1149 2457 ut
1177 2421 1366 2469 pleraque,
1397 2418 1494 2455 velut

217 2471 352 2521 pedica
371 2479 490 2521 capta,
514 2473 698 2510 liaererent
718 2474 755 2510 in
777 2474 906 2510 durata
927 2481 963 2510 et
984 2473 1055 2510 alte
1076 2473 1255 2510 concreta
1277 2471 1409 2519 glacie.

587 2525 633 2560 16
