1617 2765
117 193 197 231 274
641 189 731 220 T1T1
757 189 869 220 leu

172 286 262 323 XV.
294 290 316 309 ‘⁶
332 285 441 325 Quin
464 293 516 331 tu,
536 285 675 321 omissa
705 285 772 322 ista
802 286 989 322 nocturna
1019 285 1157 328 fabula,
1180 286 1225 322 ad
1248 286 1283 323 id
1304 286 1404 334 quod

121 343 145 363 “
158 339 275 382 doles,
308 339 406 387 quod
439 338 654 388 [invidiam]
689 338 774 380 urit,
806 338 1031 375 reverteris?
1108 345 1116 360 ⁶
1138 339 1217 374 Cur
1248 351 1403 386 usquam

120 396 144 415 ‘⁵
159 395 169 414 ί
183 391 289 440 regni
309 391 363 427 tui
385 391 526 427 mentio
546 390 598 435 fit,
621 389 789 426 Demetri
808 392 822 425 t
858 403 924 426 cur
945 390 1092 439 dignior
1113 391 1226 439 patris
1248 391 1404 427 fortunae

121 447 381 480 “‘successor
409 443 633 490 quibusdam
665 442 814 484 videris,
835 442 944 490 quarn
966 443 1065 490 ego?
1106 455 1172 479 cur
1203 456 1306 491 spem
1329 455 1405 478 me-

122 500 146 518 “
160 500 170 519 ‘
184 509 256 538 am,
278 508 374 543 quae,
395 495 424 530 si
447 502 485 530 tu
506 507 580 529 non
601 506 717 536 esseS,
739 502 842 530 certa
861 502 954 537 erat,
975 495 1128 530 dubiam
1150 502 1186 531 et
1205 495 1403 531 sollicitam
1435 500 1451 525 5

120 551 144 571 “
159 553 168 571 4
182 548 326 584 ΐειοίειΊ’
386 547 481 583 Haec
502 545 615 581 sentit
637 546 810 592 Perseus,
839 547 908 582 etsi
929 560 1003 583 non
1023 547 1116 583 dicit
1134 560 1141 583 :
1186 548 1267 583 haec
1294 547 1406 583 istun]

120 604 144 623 “
158 600 368 645 inimicum,
397 599 478 635 haec
508 605 766 634 accusatorem
797 598 965 635 faciunt:
1013 600 1094 635 haec
1123 599 1291 646 domum,
1326 600 1407 635 haec

120 655 316 700 “regnum
337 659 458 697 tuum,
485 650 708 686 criminibus
737 657 774 686 et
802 651 1081 698 suspicionibus
1111 651 1267 699 replent.
1325 651 1408 700 Ego

120 707 297 747 “autem,
317 711 435 751 pater,
469 702 786 750 quemadmodum
820 715 892 738 nec
923 715 1025 739 nunc
1055 716 1202 751 sperare
1233 716 1406 752 regnum,

120 760 231 792 “nec
252 756 444 804 ambigere
465 767 627 802 unquam
659 754 705 790 de
734 767 779 791 eo
809 755 961 791 forsitan
983 755 1156 801 debeam,
1177 756 1264 803 quia
1285 756 1407 792 minor
1425 761 1454 785 10

120 811 255 854 “sum,
277 808 365 856 quia
384 814 423 843 tu
445 820 504 843 me
539 807 668 855 majori
700 807 837 843 cedere
869 807 947 851 vis;
995 807 1050 844 sic
1084 807 1175 843 illud
1199 820 1270 844 nec
1293 808 1407 844 debui

121 863 145 883 ‘⁴
159 861 297 906 facere,
318 872 390 896 nec
410 859 544 905 debeo,
575 866 615 895 ut
635 859 816 906 indignus
849 858 902 909 [te
922 860 1058 910 patre,]
1093 859 1272 909 indignus
1291 861 1410 897 omni-

121 917 146 937 “
160 913 229 949 bus
249 913 376 949 videar
394 924 401 948 :
433 912 469 948 id
490 912 591 948 enim
610 911 708 948 vitiis
729 912 835 958 meis,
856 924 930 948 non
959 912 1144 957 cedendo,
1166 912 1226 948 cui
1257 912 1318 961 jus
1339 912 1410 948 sas-

122 969 146 989 “
160 978 233 1014 que
253 972 322 1009 est,
343 978 418 1002 non
441 964 638 1009 modestia,
660 977 881 1012 consequar.
930 964 1126 1001 Romanos
1142 964 1275 1013 objicis
1292 965 1408 1009 mihi3

122 1021 147 1042 “
160 1026 197 1055 et
227 1031 285 1065 ea,
316 1030 399 1066 quae
429 1017 558 1066 gloriae
588 1029 670 1053 esse
704 1017 857 1060 debent,
890 1016 927 1052 in
959 1017 1104 1053 crimen
1132 1017 1255 1053 vertis.
1313 1017 1408 1066 Ego,
1425 1022 1454 1047 15

122 1074 232 1108 “nec
252 1071 362 1108 obses
396 1070 585 1107 Romanis
616 1076 656 1106 ut
687 1069 868 1116 traderer,
902 1082 974 1106 nec
995 1076 1035 1106 ut
1067 1069 1213 1118 legatus
1243 1069 1409 1106 mitterer

122 1126 147 1147 ⁴⁶
161 1124 337 1169 Romam,
376 1123 489 1171 petii:
537 1135 558 1158 a
577 1129 613 1158 te
648 1122 783 1157 missus
820 1122 873 1158 ire
901 1135 975 1158 non
1013 1122 1182 1157 recusavi
1201 1135 1209 1157 :
1254 1129 1409 1170 utroque

123 1179 328 1224 “tempore
350 1175 400 1211 ita
420 1187 480 1211 me
509 1174 622 1223 gessi,
657 1186 704 1210 ne
742 1174 809 1210 tibi
844 1174 989 1222 pudori,
1024 1186 1071 1209 ne
1104 1186 1222 1222 regno
1254 1180 1329 1220 tuo,
1361 1187 1410 1210 ne

123 1228 264 1278 “genti
303 1227 561 1264 Macedonum
599 1239 734 1262 essem.
809 1225 940 1274 Itaque
979 1226 1069 1262 mihi
1106 1239 1194 1262 cum
1225 1226 1412 1263 Romanis

124 1280 338 1317 “amicitiae
372 1292 488 1316 causa
518 1287 557 1315 tu
589 1278 703 1322 fuisti,
740 1286 854 1327 pater.
910 1278 1050 1317 Quoad
1082 1286 1207 1315 tecum
1240 1279 1311 1315 illis
1339 1292 1411 1328 pax
1424 1282 1457 1307 20

124 1333 343 1375 “manebit,
376 1345 524 1368 mecum
554 1344 702 1379 quoque
735 1331 855 1380 gratia
874 1331 967 1367 erit:
1011 1331 1040 1367 si
1075 1331 1213 1366 bellum
1234 1344 1315 1367 esse
1336 1344 1412 1367 coe-

125 1390 148 1409 ‘⁴
161 1386 270 1434 perit,
291 1385 353 1433 qui
374 1385 497 1427 obses,
518 1384 580 1432 qui
602 1384 747 1432 legatus
763 1396 828 1432 pro
845 1390 948 1431 patre
969 1396 1045 1420 non
1064 1383 1206 1419 inutilis
1226 1383 1291 1426 fui,
1311 1384 1410 1420 idem

125 1438 280 1475 “hostis
317 1437 389 1474 illis
433 1437 640 1473 acerrimus
676 1449 752 1472 ero.
822 1436 909 1473 Nec
948 1436 1072 1478 hodie,
1107 1442 1147 1471 ut
1176 1436 1290 1484 prosit
1319 1436 1411 1472 mihi

125 1495 149 1514 “
165 1490 287 1539 gratia
313 1490 583 1533 Romanorum,
605 1488 775 1537 postulo;
819 1501 867 1524 ne
887 1488 997 1534 obsit,
1028 1488 1177 1524 tantum
1208 1488 1411 1536 deprecor:

126 1546 150 1566 “
165 1555 236 1579 nec
258 1543 294 1578 in
317 1542 415 1577 bello
433 1541 560 1589 coepit,
583 1553 654 1577 nec
676 1541 721 1576 ad
758 1541 896 1577 bellum
918 1548 1137 1577 reservatur.
1196 1540 1306 1576 Pacis
1335 1540 1459 1588 pig-25

125 1598 150 1619 ‘⁶
163 1608 234 1631 nus
255 1594 331 1638 fui3
362 1594 407 1629 ad
430 1606 562 1642 pacem
583 1593 820 1629 retinendam
851 1593 998 1641 legatus
1018 1593 1154 1628 missus
1174 1605 1257 1628 sum
1275 1605 1283 1628 ε
1324 1605 1414 1628 neu-

126 1651 150 1670 ‘⁸
165 1655 221 1683 tra
250 1659 310 1683 res
339 1646 430 1682 mihi
460 1658 533 1682 nec
564 1645 689 1695 gloriae
719 1658 791 1682 nec
821 1645 970 1681 crimini
1001 1645 1060 1681 sit.
1127 1644 1221 1693 Ego,
1261 1644 1291 1681 si
1325 1645 1415 1693 quid

127 1700 174 1722 “”
166 1699 277 1748 impie
300 1699 337 1734 in
358 1705 408 1744 te,
428 1705 545 1746 pater,
566 1710 596 1733 sn
616 1698 704 1755 quid
726 1697 906 1734 scelerate
929 1698 966 1733 in
994 1697 1145 1733 fratrem
1166 1697 1313 1743 admisi,
1333 1697 1416 1733 nul-

127 1754 150 1774 “
164 1751 237 1788 lam
259 1751 441 1799 deprecor
461 1762 637 1798 poenam:
667 1750 697 1785 si
719 1750 903 1786 innocens
923 1762 1018 1795 sum,
1046 1762 1094 1785 ne
1115 1749 1256 1785 invidia
1276 1749 1417 1786 confla-

127 1807 285 1853 “grem
305 1815 420 1851 quum
442 1802 601 1839 crimine
623 1815 696 1838 non
714 1802 865 1851 possim,
888 1802 1081 1850 deprecor.
1122 1801 1210 1837 Non
1232 1802 1343 1838 hodie
1357 1814 1415 1837 nie
1429 1804 1461 1828 3⁰

127 1859 152 1878 “
167 1856 331 1904 primnm
354 1855 466 1891 frater
486 1862 666 1891 accusat·
658 1882 667 1898 ‚
714 1855 780 1891 sed
815 1854 925 1891 hodie
956 1854 1117 1902 primum
1152 1854 1291 1901 aperte,
1313 1853 1416 1889 nullo

127 1910 250 1944 “meo
269 1908 307 1943 in
328 1920 367 1942 se
389 1907 532 1942 merito.
591 1907 630 1942 Si
652 1907 743 1942 mihi
764 1914 868 1955 pater
887 1912 1144 1951 succenseret,
1179 1913 1214 1940 te
1236 1905 1416 1954 majorem

127 1962 152 1982 “
170 1960 321 1996 fratrem
351 1971 417 2007 pro
443 1958 588 1994 minore
617 1959 813 2006 deprecari
833 1958 1040 2015 oportebat,
1070 1964 1106 1993 te
1135 1956 1415 2000 adolescentiae,

128 2015 153 2035 “
166 2020 203 2049 te
232 2011 362 2054 errori,
393 2011 541 2046 veniam
574 2010 795 2058 impetrare:
844 2009 881 2045 in
915 2022 973 2055 eo,
1000 2009 1063 2045 ubi
1098 2009 1313 2057 praesidium
1334 2022 1416 2045 esse

128 2064 373 2114 “oportebat
395 2063 446 2099 ibi
467 2063 622 2098 exitium
646 2069 713 2098 est.
775 2062 808 2098 E
828 2062 1000 2098 convivio
1020 2068 1057 2097 et
1086 2061 1462 2098 comissationibus&

129 2117 279 2166 “prope
296 2116 547 2153 semisomnus
566 2121 692 2162 raptus
713 2127 795 2151 sum
822 2114 867 2150 ad
901 2126 1054 2149 causam
1076 2113 1267 2162 parricidii
1287 2114 1418 2150 dicen·

129 2170 282 2213 “damg
330 2168 411 2204 sine
445 2167 648 2213 advocatis,
678 2167 759 2203 sine
792 2166 971 2215 patronis,
1007 2166 1084 2214 ipsc
1115 2179 1180 2214 pro
1201 2179 1260 2202 me
1289 2166 1417 2202 dicere

129 2224 155 2244 ‘⁶
170 2234 296 2270 cogor.
356 2221 397 2256 Si
417 2232 483 2268 pro
513 2219 585 2256 alio
613 2198 819 2256 dicendum
848 2226 960 2265 esset,
990 2226 1138 2267 tempus
1168 2218 1212 2254 ad
1235 2219 1419 2254 meditan-

130 2274 256 2310 “dum
277 2280 315 2309 et
334 2272 635 2320 componendam
665 2272 872 2308 orationem
903 2271 1160 2319 sumpsissem,
1193 2283 1307 2319 quum
1328 2271 1418 2319 quid

130 2327 155 2348 ‘⁶
169 2325 282 2370 aliud,
303 2325 414 2373 quam
435 2324 578 2373 ingenii
601 2324 712 2368 sama,
736 2324 993 2373 periclitarer!
1051 2323 1226 2373 Ignarus,
1252 2323 1341 2371 quid
1362 2335 1418 2359 ar·
1431 2324 1463 2349 ⁴⁰

131 2378 330 2414 “cessitus
349 2389 484 2419 essem,
507 2384 542 2413 te
564 2377 697 2413 iratum
718 2384 754 2413 et
784 2377 980 2425 jubentem
1013 2376 1140 2412 dicere
1161 2388 1328 2421 causam,
1350 2375 1419 2411 sra-

132 2434 266 2467 “trem
288 2437 532 2467 accusantem
554 2429 691 2465 audivi.
748 2429 817 2465 Ille
838 2429 902 2465 diu
933 2430 1018 2465 ante
1051 2429 1271 2477 praeparata,
1301 2427 1418 2464 medi-

132 2483 260 2530 ιιῐὲιῑεὲι,
281 2483 318 2520 in
349 2495 409 2519 me
437 2482 606 2519 oratione
626 2489 683 2519 est
711 2494 825 2519 usus:
872 2494 943 2531 ego
976 2482 1013 2518 id
1045 2480 1192 2518 tantum
1226 2479 1416 2529 temporiS,
