1617 2765
511 206 648 237 LIBER
670 203 864 237 XXXVIII.
903 214 984 235 CAP.
1002 213 1082 234 mxx.
1367 207 1445 243 263

165 302 314 341 assidue
333 308 460 351 gesta;
490 312 578 337 cum
598 299 753 336 senecta
772 311 832 335 res
847 309 992 346 quoque
1013 296 1233 340 defloruere,
1257 310 1330 335 nec
1355 311 1445 347 prae-

167 355 244 392 bita
262 361 318 391 est
337 353 491 390 materia
510 352 676 401 ingenio,
731 350 839 390 Quid
860 350 905 386 ad
935 349 1096 398 primum
1130 350 1365 387 consulatum
1388 363 1444 387 se-

166 407 326 448 cundus,
346 403 491 441 etiamsi
512 415 711 440 censuram
746 402 933 451 adjicias?
975 400 1064 449 quid
1097 400 1267 437 Asiatica
1293 401 1442 450 legatio,

165 466 203 495 et
220 457 432 494 valetudine
453 456 609 492 adversa
628 455 781 496 inutilis,
801 462 839 490 et
854 453 920 490 filii
941 465 1030 490 casu
1048 452 1266 495 deformata,
1301 460 1338 489 et
1363 462 1444 502 post

165 509 327 546 reditum
347 507 573 545 necessitate
594 514 657 543 aut
677 505 865 543 subeundi
893 504 1042 554 judicii,
1064 511 1127 541 aut
1146 504 1256 541 simul
1277 517 1363 541 cum
1384 518 1446 553 pa-

165 561 237 598 tria
255 560 483 597 deserendi?
539 559 674 595 Punici
695 565 818 594 tamen
841 557 928 593 belli
949 556 1162 605 perpetrati,
1196 569 1268 605 quo
1299 557 1444 594 nullum

165 625 287 661 neque
307 612 427 661 majus
446 623 567 659 neque
587 610 832 660 periculosius
859 608 1025 646 Romani
1045 610 1210 658 gessere,
1234 621 1331 645 unus
1351 621 1441 658 prae-

165 664 316 714 cipuam
335 663 491 713 gloriam
511 662 606 700 tulit.

445 997 612 1023 EPITOME
629 997 732 1022 LIBRI
751 994 1163 1023 UNDEQUADRAGESIMI.

198 1073 316 1099 Manem
329 1073 455 1100 AEmilius
467 1075 571 1106 consul,
592 1075 735 1107 Liguribus
755 1075 883 1106 subactis,
903 1074 974 1099 viam
994 1082 1010 1099 a
1033 1073 1170 1098 Placentia
1190 1080 1274 1105 usque
1295 1071 1446 1098 Ariminum

164 1107 319 1138 perductam
331 1107 470 1132 Flaminiae
480 1108 579 1139 junxit.
616 1108 698 1132 Initia
711 1108 831 1138 luxuriae,
845 1107 997 1132 introducta
1007 1107 1040 1131 ab
1050 1106 1173 1131 exercitu
1184 1106 1315 1137 Asiatico,
1329 1105 1447 1130 reserun-

165 1142 219 1163 tur.
254 1138 376 1170 Ligures,
389 1140 548 1171 quicumque
560 1140 627 1164 citra
642 1140 809 1170 Apenninum
823 1143 909 1170 erant,
923 1139 1106 1163 subactisunt.
1138 1138 1328 1169 Bacchanalia,
1341 1145 1446 1162 sacrum

165 1170 298 1201 Graecum,
310 1175 338 1195 et
350 1172 457 1203 quidem
469 1176 637 1202 nocturnum,
647 1171 775 1196 scelerum
788 1172 905 1195 omnium
914 1170 1096 1201 seminarium,
1105 1178 1186 1202 quum
1199 1170 1231 1193 ad
1242 1170 1354 1201 ingentis
1364 1170 1447 1194 turbae

165 1202 379 1234 conjurationem
392 1203 564 1235 pervenisset,
584 1212 600 1228 a
617 1204 724 1228 consule
743 1203 940 1234 investigatum,
963 1208 990 1227 et
1003 1203 1146 1227 multorum
1162 1203 1237 1233 poenfi.
1249 1203 1383 1226 sublatum
1395 1206 1445 1226 est.

166 1235 192 1259 A
205 1235 357 1260 censoribus
371 1236 403 1260 L.
417 1236 526 1260 Valerio
541 1236 638 1260 Flacco
649 1240 675 1259 et
690 1235 727 1260 M.
742 1236 835 1260 Porcio
848 1236 961 1265 Catone,
972 1239 1000 1259 et
1010 1234 1071 1259 belli
1082 1241 1109 1258 et
1122 1235 1194 1264 pacis
1207 1234 1309 1258 artibus
1319 1234 1446 1264 maximo,

166 1270 255 1291 motus
267 1272 309 1292 est
318 1273 415 1292 senatu
428 1268 460 1292 L.
475 1268 606 1294 Quintius
618 1268 794 1298 Flamininus,
816 1267 850 1292 T.
865 1267 973 1293 Quintii
988 1267 1080 1297 frater,
1101 1267 1131 1291 εὸ
1143 1266 1222 1298 qued,
1235 1274 1316 1298 quum
1329 1266 1445 1290 Galliam

166 1299 329 1330 provinciam
342 1300 434 1325 consul
447 1301 610 1330 obtinuerat,
631 1304 739 1331 rogatus
761 1300 786 1323 in
806 1299 930 1324 convivio
949 1307 964 1323 a
984 1299 1107 1329 Philippo
1123 1299 1210 1329 Poeno,
1230 1306 1309 1329 quem
1327 1298 1445 1329 amabat,

166 1335 255 1356 scorto
263 1331 355 1362 nubili,
364 1332 472 1356 Gallum
483 1333 622 1364 quemdam
629 1332 678 1356 su‘o‘⁴
686 1339 764 1356 manu
775 1332 910 1356 occiderat
922 1339 930 1362 3
943 1331 1010 1361 sive,
1021 1335 1050 1355 ut
1063 1330 1170 1367 quidam
1180 1331 1357 1360 tradiderunt,
1365 1338 1446 1354 unum

165 1370 201 1387 ex
212 1363 345 1388 damnatis
358 1364 443 1388 securi
457 1368 632 1395 percusserat,
646 1368 753 1394 rogatus
767 1371 782 1387 a
794 1363 936 1387 meretrice
956 1363 1122 1392 Placentina,
1146 1361 1222 1392 cujus
1244 1370 1331 1386 amore
1344 1362 1447 1392 deperi-

166 1394 223 1419 bat.
259 1395 357 1420 Exstat
370 1395 396 1420 in
410 1404 471 1420 eum
486 1396 524 1420 Μ.
537 1395 648 1420 Catonis
661 1395 757 1419 oratio.
793 1395 884 1426 Scipio
903 1394 1006 1419 Literni
1019 1394 1140 1418 decessit.
1177 1394 1222 1425 Et,
1235 1397 1369 1426 tamquam
1386 1394 1448 1425 jun·

200 1431 245 1452 nte
258 1427 363 1452 fortun&
373 1429 444 1452 circa
454 1428 523 1452 idem
533 1432 640 1458 tempus
652 1427 704 1451 duo
716 1427 810 1452 funera
830 1427 1006 1451 maximorum
1018 1426 1144 1457 virorum,
1166 1426 1311 1457 Hannibal,
1326 1434 1342 1450 a
1354 1425 1446 1450 Prusia

166 1435 300 1491 {eit-hyniae
312 1468 372 1491 rege
385 1460 428 1490 (ad
442 1468 531 1492 quem,
542 1460 613 1484 victo
626 1459 770 1490 Antiocho,
788 1459 957 1490 confugerat)
977 1466 1058 1490 quum
1078 1459 1219 1483 dederetur
1239 1458 1377 1489 Romanis,
1391 1458 1446 1490 qui,

166 1492 201 1516 ad
212 1493 406 1522 exposcendum
419 1492 504 1523 illum,
517 1492 552 1516 T.
566 1492 709 1517 Quintium
723 1491 902 1515 Flamininum
920 1490 1056 1521 miserant,
1069 1498 1169 1515 veneno
1188 1490 1239 1515 sibi
1259 1495 1372 1514 mortem
1385 1498 1447 1514 con-

166 1524 256 1548 scivit.
291 1523 468 1554 Philopoemen
481 1532 596 1556 quoque,
609 1524 661 1548 dux
676 1524 844 1554 Achaeorum,
866 1524 905 1547 vir
925 1523 1067 1554 maximus,
1080 1531 1096 1546 u
1109 1522 1252 1547 Messeniis
1269 1522 1446 1553 interemptus

167 1563 281 1587 veneno,
293 1564 374 1587 quum
387 1557 420 1580 ab
430 1556 463 1581 iis
476 1556 547 1581 bello
559 1560 652 1587 captus
664 1560 743 1580 esset.
779 1556 896 1580 Coloniae
911 1555 1042 1586 Potentia,
1053 1559 1081 1579 et
1094 1554 1244 1585 Pisaurum,
1253 1559 1280 1579 et
1291 1554 1407 1585 Mutina,
1419 1559 1447 1579 et

168 1587 274 1619 Parma,
291 1588 412 1613 deductae
423 1592 494 1613 sunt.
531 1589 661 1612 Praeterea
682 1596 723 1612 res
741 1589 866 1612 adversus
889 1588 1039 1612 Celtiberos
1061 1587 1184 1618 prospere
1205 1591 1304 1618 gestas,
1325 1591 1351 1611 et
1368 1586 1446 1611 initia

168 1628 316 1652 causasque
330 1620 391 1644 belli
405 1620 571 1645 Macedonici
584 1621 719 1652 continet;
738 1621 815 1653 cujus
827 1621 902 1652 origo
916 1620 975 1644 inde
994 1620 1082 1651 fluxit,
1095 1620 1162 1651 qubal
1178 1619 1315 1650 Philippus
1327 1619 1395 1650 aegre
1408 1619 1446 1643 fe·

168 1652 254 1684 rebat,
268 1659 374 1683 regnum
386 1660 462 1677 suum
475 1653 596 1677 imminui
609 1660 625 1676 a
637 1653 775 1684 Romanis,
788 1657 815 1677 et
828 1653 893 1684 qued
908 1656 1056 1683 cogeretur,
1069 1660 1085 1676 a
1096 1651 1246 1676 Thracibus
1255 1651 1367 1683 aliisque
1382 1651 1446 1676 locis

169 1684 290 1716 presidia
303 1684 439 1710 deducere.
477 1684 557 1718 [Cu.
574 1693 625 1710 ι-
635 1692 696 1710 1.v1.
727 1692 755 1710 υ.
770 1693 796 1709 c.
807 1685 961 1709 565—570.
998 1693 1026 1709 Δ.
1038 1692 1065 1709 c.
1082 1684 1167 1709 187-
1177 1684 1247 1717 182]
