1617 2765
129 194 208 233 210
398 191 491 223 TITI
514 191 626 222 LIVII
649 189 787 222 LIBER
809 191 940 222 XXIII.
979 199 1161 222 CAP.1111.

129 286 308 325 ducenda
325 286 459 336 viginti
479 286 597 323 millia
615 286 797 335 peditum,
818 292 977 334 quatuor
996 286 1179 334 equitum,
1199 285 1335 335 quibus
1353 297 1416 324 ex-

129 340 282 386 ercitus,
320 341 384 390 qui
421 339 461 376 in
491 339 613 386 Italia,
651 339 789 388 quique
831 339 870 375 in
901 338 1089 387 Hispanis
1118 346 1238 383 erant,
1267 338 1417 388 supple-

128 400 269 431 rentur.

441 533 611 560 EPITOME
629 533 731 559 LIBRI
751 533 927 559 VICESIMI
946 534 1107 561 QUARTI.

161 616 377 646 Hierion-rmus,
396 614 626 646 Syracusanorum
641 620 700 644 rex,
710 612 788 644 cujus
800 620 867 638 avus
877 612 962 638 Hiero
974 612 1076 638 amicus
1087 612 1178 645 populi
1192 612 1307 638 Romani
1318 611 1419 643 fuerat,

127 650 162 675 ad
176 648 420 680 Carthaginienses
429 645 530 671 defecit
542 654 549 677 3
567 649 595 670 et
607 649 713 676 propter
726 645 916 670 crudelitatem
930 646 1134 677 superbiamque
1156 653 1172 670 a
1191 654 1247 670 suis
1260 645 1419 671 interfectus

127 686 180 707 est.
218 682 265 706 Ti.
280 679 454 711 Sempronius
467 678 606 703 Gracchus
619 677 760 708 proconsul
772 679 898 709 prospere
917 679 1045 704 adversus
1059 679 1149 703 Poenos
1161 682 1188 703 et
1202 678 1360 703 Hannonem
1373 679 1420 703 du-

127 723 189 740 cem
202 715 235 739 ad
251 714 434 738 Beneventum
446 710 586 743 pugnavit,
599 717 737 735 servorum
750 710 866 734 maxime
878 711 968 742 opera,
979 719 1044 742 quos
1054 711 1149 736 liberos
1160 719 1217 736 esse
1227 711 1318 743 jussit.
1337 710 1421 736 Clau-

127 748 188 772 dius
203 746 350 771 Marcellus
363 745 466 775 consul,
481 744 506 768 in
521 742 627 774 Sicilia,
640 750 698 774 quae
710 742 791 773 prope
805 747 863 767 tota
875 743 909 767 ad
923 743 1015 768 Poenos
1027 743 1172 775 defecerat,
1183 744 1332 776 Syracusas
1344 744 1421 768 obso-

127 780 178 805 dit.
217 778 352 809 Philippo,
366 777 543 802 Macedonum
556 775 624 807 regi,
639 775 738 799 bellum
752 774 881 799 indictum
892 779 952 807 est3
980 776 1036 807 qui,
1056 776 1089 800 ad
1103 776 1274 807 Apolloniam
1288 780 1419 801 nocturno

127 811 223 844 proelio
241 817 385 842 oppressus
405 810 576 841 fugatusque,
598 808 625 832 in
644 806 835 832 Macedoniam
856 815 917 832 cum
936 809 1016 839 prope
1038 808 1132 832 inermi
1152 808 1275 833 exercitu
1293 808 1418 841 perfugit.

128 845 170 869 Ad
183 845 210 869 id
224 843 321 868 bellurn
334 842 477 874 gerendum
490 840 619 865 Valerius
631 844 727 871 praetor
739 839 835 864 missus
848 844 900 865 est.
926 840 981 865 Res
994 844 1121 872 praeterea
1134 841 1160 865 in
1175 840 1307 872 Hispania
1319 848 1335 865 a
1348 840 1378 865 P.
1391 844 1420 866 et

126 877 176 901 Cn.
191 875 354 907 Sciponibus
367 875 493 899 adversus
507 873 744 904 Carthaginienses
757 877 847 904 gestas
869 873 999 898 continet.
1036 873 1158 905 Syphax,
1171 881 1216 898 rex
1230 873 1419 906 Numidarum,

126 909 151 934 in
166 908 318 934 amicitiam
331 907 462 938 adscitus,
474 910 502 931 et
519 914 536 931 a
554 905 710 937 Masinissa,
724 913 783 937 rege
805 905 995 937 Massylorum,
1008 913 1055 937 pro
1068 906 1336 938 Carthaginiensibus
1354 913 1420 939 pug-

127 946 222 972 nante,
235 941 336 971 victus,
349 939 376 964 in
391 938 544 964 Maurusios
557 946 618 963 cum
630 939 726 969 magna
738 945 820 962 manu
831 938 953 969 transiit,
965 943 1060 963 contra
1072 938 1171 970 Gades,
1185 939 1229 963 ubi
1242 942 1356 970 augusto
1367 938 1420 965 sre-

125 978 154 999 to
168 974 264 999 Africa
277 977 305 998 et
318 972 450 1004 Hispania
461 971 632 996 dirimuntur.
669 969 800 995 Celtiberi
812 978 916 1003 quoque
929 971 955 995 in
969 971 1116 995 amicitiam
1129 971 1229 1002 recepti
1249 975 1312 996 sunt
1323 980 1330 1003 3
1356 979 1419 1003 quo-

126 1015 185 1031 rum
199 1006 310 1031 auxiliis
323 1004 447 1036 adscitis,
460 1008 525 1029 tunc
543 1003 660 1035 primurn
680 1003 872 1028 mercenarium
886 1003 1000 1028 militem
1017 1003 1140 1029 Romana
1152 1009 1241 1029 castra
1253 1003 1415 1030 habuerunt.

126 1039 212 1070 [Cn.
228 1047 237 1064 r
247 1052 280 1057 —
290 1045 371 1063 xmx.
390 1044 416 1062 υ.
430 1044 454 1062 c.
467 1035 620 1062 537—539.
657 1044 686 1060 Δ.
699 1043 724 1060 c.
737 1036 902 1069 215—213.]

447 1161 620 1188 EPITOME
638 1160 741 1186 LIBRI
760 1161 935 1187 VICESIMI
954 1161 1103 1188 QUINTI.

164 1243 193 1268 P.
207 1243 380 1269 Consnms
399 1240 494 1272 Scipio
514 1240 624 1272 (postea
636 1238 793 1272 Africanus)
812 1244 876 1265 ante
897 1247 980 1265 annos
998 1239 1082 1265 aedilis
1095 1239 1182 1265 sactus
1195 1243 1247 1265 est.
1283 1239 1419 1267 Hannibal

129 1276 221 1302 urbem
233 1275 392 1306 Tarentum,
402 1278 499 1306 praeter
508 1281 607 1304 arcem,
620 1272 648 1297 in
661 1280 740 1304 quam
753 1273 905 1304 praesidium
925 1273 1106 1298 Romanorum
1125 1272 1241 1305 fugerat,
1255 1280 1301 1304 per
1317 1272 1420 1299 Taren-

129 1310 200 1334 tinos
210 1308 332 1340 juvenes,
343 1307 388 1339 qui
409 1315 438 1332 se
456 1310 540 1332 noctu
562 1309 690 1330 venatum
711 1305 749 1330 ire
774 1305 976 1337 simulaverant,
995 1305 1079 1337 cepit.
1114 1305 1185 1330 Ludi
1200 1305 1368 1337 Apollinares
1385 1313 1419 1331 ex

130 1341 229 1367 Marcii
241 1340 416 1372 carminibus,
437 1339 532 1371 quibus
551 1337 700 1363 Cannensis
720 1338 811 1363 clades
833 1338 958 1369 praedicta
979 1338 1079 1370 fuerat,
1102 1337 1220 1363 instituti
1234 1342 1306 1363 sunt.
1342 1338 1368 1363 A
1380 1339 1418 1365 Q.

131 1373 231 1400 Fulvio
242 1377 270 1399 et
290 1374 344 1405 Ap.
362 1372 479 1398 Claudio
504 1370 659 1397 consulibus
672 1371 801 1396 adversus
814 1371 984 1403 Hannonem,
1006 1371 1145 1396 Poenorum
1168 1371 1275 1408 ducem,
1294 1372 1418 1403 prospere

132 1411 282 1439 pugnaturn
293 1410 345 1431 est.
372 1404 417 1430 Ti.
428 1403 600 1436 Sempronius
607 1403 745 1428 Gracchus
758 1404 909 1435 proconsul,
920 1404 953 1428 ab
966 1403 1071 1436 hospite
1083 1411 1131 1429 suo
1144 1403 1255 1428 Lucano
1267 1411 1293 1428 rn
1306 1403 1418 1429 insidias

128 1440 271 1470 deductus,
290 1447 306 1464 a
324 1438 438 1471 Magone
459 1437 615 1462 interfectus
638 1440 691 1461 est.
726 1436 874 1461 Centenius
899 1437 1011 1468 Penula,
1030 1437 1076 1468 qui
1100 1436 1221 1461 centurio
1240 1436 1417 1469 militaverat,

129 1480 210 1504 quum
223 1472 337 1504 petisset
350 1479 366 1495 a
378 1475 484 1502 senatu,
497 1473 528 1495 ut
538 1469 590 1494 sibi
601 1469 734 1494 exercitus
747 1469 865 1501 daretur,
885 1468 1074 1501 pollicitusque
1086 1473 1167 1500 esset,
1180 1469 1202 1494 si
1217 1469 1268 1494 hoc
1281 1469 1419 1500 impetras-

127 1509 180 1537 set,
193 1505 225 1529 de
238 1504 390 1529 Hannibale
400 1502 551 1533 victoriam,
565 1506 628 1527 octo
640 1502 758 1526 millibus
771 1502 901 1533 acceptis,
914 1501 1031 1526 militum
1044 1502 1098 1526 dux
1111 1501 1198 1526 sactus
1223 1501 1345 1526 conflixit
1358 1501 1416 1527 acie

128 1546 190 1563 cum
202 1536 363 1568 Hannibale,
375 1540 403 1561 et
414 1544 475 1561 cum
487 1534 608 1560 exercitu
620 1542 703 1559 caesus
715 1538 765 1559 est.
793 1535 843 1559 Cn.
858 1534 971 1559 Fulvius
984 1538 1077 1565 praetor
1090 1534 1159 1558 male
1174 1520 1301 1559 adversus
1315 1533 1418 1559 Hanni-

130 1570 216 1595 balem
229 1569 358 1601 pugnavit
369 1577 376 1593 ε
393 1568 420 1593 in
432 1576 484 1601 quo
496 1567 588 1599 proelio
601 1566 737 1592 hominurn
749 1567 882 1592 sexdecim
895 1566 980 1591 millia
993 1567 1166 1598 ceciderunt;
1179 1566 1236 1598 ipse
1246 1574 1307 1591 curn
1320 1574 1334 1592 e
1354 1566 1417 1592 uiti-

131 1603 181 1627 bus
193 1602 317 1627 ducentis
328 1601 434 1633 effugit.
462 1601 557 1632 Capua
569 1599 673 1624 obsessa
685 1603 725 1624 est
737 1607 754 1624 a
767 1599 801 1625 Q.
814 1599 912 1624 Fulvio
924 1603 952 1624 et
968 1601 1021 1630 Ap.
1031 1599 1146 1624 Claudio
1155 1598 1319 1624 consulibus.
1361 1599 1418 1624 lau-

131 1635 192 1660 dius
205 1634 351 1659 Marcellus
364 1634 514 1667 Syracusas
525 1632 691 1664 expugnavit
703 1640 771 1657 anno
781 1633 872 1664 tertio,
883 1636 912 1657 et
923 1633 1054 1664 ingentem
1068 1639 1095 1656 se
1108 1633 1194 1656 virum
1213 1631 1304 1668 gessit.
1339 1631 1371 1656 In
1384 1639 1417 1658 eo

131 1667 250 1692 tumultu
263 1666 334 1692 urbis
347 1671 444 1699 captas,
457 1666 641 1697 Archimedes,
655 1665 772 1690 intentus
785 1665 875 1690 formis
893 1673 959 1697 quas
973 1665 998 1689 in
1012 1664 1123 1696 pulvere
1136 1664 1324 1696 descripserat,
1337 1664 1417 1690 inter·

131 1700 216 1725 sectus
228 1704 278 1724 est.
315 1699 345 1724 P.
357 1703 385 1724 et
396 1699 446 1724 Cu.
460 1698 602 1730 Scipiones
615 1697 641 1722 in
654 1697 788 1729 Hispania
796 1702 836 1722 tot
848 1702 1039 1735 tantarumque
1053 1704 1139 1721 rorum
1152 1696 1268 1722 feliciter
1279 1701 1416 1729 gestarum

131 1733 235 1758 tristem
245 1733 348 1757 exitum
361 1731 496 1763 tulerunt3
515 1730 595 1762 prope
608 1738 668 1755 cum
681 1730 744 1755 totis
759 1730 924 1755 exercitibus
942 1738 1003 1755 coesr
1016 1737 1086 1754 anno
1103 1735 1210 1761 octavo,
1224 1730 1302 1762 quArn
1315 1730 1341 1754 in
1354 1729 1417 1755 His-

130 1765 239 1797 paniam
252 1765 375 1790 iverant:
403 1764 555 1795 amissaque
575 1763 634 1795 ejus
659 1763 802 1794 provinciae
820 1762 951 1794 possessio
971 1762 1051 1794 foret,
1071 1761 1134 1793 nisi,
1153 1762 1186 1787 L.
1201 1762 1297 1787 Marcii
1315 1762 1415 1795 equitis

130 1797 247 1823 Romani
270 1798 369 1823 virtute
389 1801 418 1822 et
437 1796 569 1822 industria
581 1795 728 1821 contractis
740 1796 909 1821 exercituum
929 1795 1061 1827 reliquiis,
1080 1795 1199 1827 ejusdem
1219 1795 1339 1827 hortatu,
1352 1795 1414 1820 bina

130 1835 221 1856 castra
235 1831 351 1855 hostium
363 1836 516 1862 expugnata
528 1832 626 1853 essent.
663 1829 706 1854 Ad
718 1828 830 1859 triginta
842 1834 943 1859 septem
955 1828 1040 1853 millia
1056 1835 1135 1859 caesa,
1147 1828 1181 1852 ad
1193 1828 1267 1852 mille
1278 1827 1414 1860 octingen-

129 1866 170 1888 tos
188 1863 300 1895 triginta
316 1862 408 1894 capti3
425 1862 511 1893 proeda
524 1862 615 1893 ingens
627 1865 715 1892 parta.
751 1861 812 1886 Dux
826 1861 942 1886 Marcius
955 1860 1106 1893 appellatus
1118 1864 1168 1885 est.
1198 1860 1279 1894 [Cat.
1293 1867 1412 1886 r-xnr.

129 1903 159 1922 σ.
171 1903 198 1920 c.
215 1895 365 1921 539-540.
401 1903 430 1920 A.
444 1902 470 1919 e.
485 1894 642 1919 213—212.
