1617 2765
750 198 825 235 146

621 481 772 518 LIBRI
801 481 941 519 NONI

513 614 608 646 CAP.
633 616 702 646 1-
713 616 774 647 XI.
811 615 892 647 XVI
901 632 943 639 ——
954 613 1049 646 XIX.

572 805 738 827 EPl‘rOME
762 805 867 827 LIBRI
890 805 979 826 Nom
986 818 992 825 .

183 885 224 906 11.
249 885 306 915 111,
325 877 385 908 &c.
422 877 461 909 Τ.
487 877 637 909 Veturius
664 883 696 909 et
725 879 778 918 Sp.
803 879 987 909 Postumius
1010 878 1092 917 apud
1121 877 1279 908 Caudinas
1295 877 1425 914 Furcas,

141 917 280 948 deducto
308 919 339 949 in
364 919 470 949 locum
497 925 616 950 arctum
634 922 790 957 exercitu,
816 931 912 960 quum
940 921 1024 950 nulla
1050 929 1124 959 spes
1149 920 1302 949 evadendi
1328 924 1425 955 esset,

141 958 259 989 soedere
277 970 349 990 cum
369 961 560 991 Samnitibus
576 960 672 998 facto,
689 968 721 993 et
733 963 895 992 sexcentis
911 962 1070 1000 equitibus
1094 961 1246 991 Romanis
1262 961 1424 991 obsidibus

141 1000 233 1036 datis,
249 1002 292 1031 itn
308 1003 483 1032 exercitum
501 1003 709 1039 abduxerunt,
727 1010 761 1034 ut
777 1014 888 1034 omnes
904 1005 962 1033 sub
973 1003 1087 1043 jugum
1101 1004 1297 1032 mitterentur
1312 1013 1319 1032 :
1343 1012 1423 1031 vnl.

142 1051 189 1077 lx,
201 1042 260 1072 διο.
286 1043 463 1082 iidemque,
474 1049 601 1074 auctore
620 1044 674 1083 Sp.
689 1046 853 1075 Postumio
866 1045 996 1075 consule
1016 1045 1086 1082 (qui
1102 1045 1133 1073 in
1150 1047 1261 1073 senatu
1274 1048 1425 1079 suaserat,

142 1087 176 1112 ut
192 1093 299 1113 eorum
315 1085 486 1120 deditione,
499 1095 629 1124 quorum
645 1083 739 1125 culpa
752 1092 814 1116 tam
827 1086 964 1116 deforme
982 1085 1083 1116 soedus
1099 1086 1196 1114 ictum
1211 1089 1288 1120 erat,
1300 1085 1426 1123 publica

142 1123 223 1154 fides
252 1125 463 1163 liberaretur),
491 1136 563 1156 cum
592 1128 714 1157 duobus
742 1128 872 1158 tribunis
896 1128 1006 1166 plebis,
1024 1132 1056 1157 et
1078 1126 1224 1156 omnibus
1247 1126 1299 1164 qui
1323 1126 1425 1156 soedus

141 1168 385 1203 spoponderant,
403 1168 498 1197 dediti
515 1169 720 1203 Samnitibus,
737 1179 800 1199 non
817 1174 889 1198 sunt
907 1169 1034 1206 recepti.
1080 1172 1138 1196 Nec
1151 1171 1234 1196 multo
1246 1177 1317 1202 post,
1327 1172 1396 1196 fusis
1409 1178 1425 1196 a

141 1205 248 1236 Papirio
261 1207 375 1232 Cursore
387 1207 553 1232 Samnitibus
566 1213 593 1233 et
605 1210 654 1233 sub
672 1210 764 1241 jugum
779 1210 875 1240 missis,
890 1209 1056 1240 receptisque
1075 1209 1207 1233 sexcentis
1225 1209 1360 1240 equitibus
1372 1209 1426 1234 Ro-

141 1239 238 1269 manis,
269 1239 295 1263 ui
310 1239 412 1263 obsides
425 1240 480 1264 dati
495 1244 582 1271 erant,
601 1242 683 1272 pudor
696 1242 789 1273 prioris
803 1242 898 1273 flagitii
912 1241 1028 1265 abolitus
1042 1245 1092 1265 est.
1128 1241 1227 1265 Tribus
1245 1241 1302 1266 dua>
1314 1241 1428 1273 adjectas

141 1274 214 1302 sunt,
230 1270 253 1295 U
268 1272 360 1296 entina
371 1276 398 1296 et
411 1272 545 1297 Falerina.
582 1273 681 1299 Suessa
694 1279 721 1299 et
744 1275 842 1299 Pontiae
860 1274 970 1298 coloniae
982 1274 1100 1298 deductae
1112 1278 1184 1298 sunt.
1229 1274 1282 1305 Ap.
1295 1273 1427 1298 Claudius

143 1310 238 1328 censor
250 1311 347 1335 aquam
365 1305 505 1335 perduxit:
525 1305 597 1330 viam
609 1307 716 1339 stravit,
729 1315 786 1339 quae
799 1306 887 1337 Appia
901 1310 995 1330 vocata
1015 1310 1057 1330 est
1069 1315 1074 1330 z
1112 1306 1296 1331 libertinorum
1316 1305 1386 1330 filios
1400 1307 1426 1331 in

142 1339 265 1360 senatum
279 1337 353 1368 legit.
390 1337 516 1368 Ideoque,
533 1338 658 1369 quoniam
678 1340 701 1364 is
721 1340 784 1364 ordo
804 1339 945 1363 videbatur
965 1338 1122 1370 inquinatus
1146 1338 1272 1370 indignis,
1291 1338 1427 1370 sequentis

142 1368 205 1392 anni
218 1370 341 1394 consules
355 1369 381 1393 in
394 1374 489 1394 senatu
503 1371 612 1402 legendo
624 1372 841 1402 observaverunt,
854 1371 1075 1403 quemadmodum
1089 1371 1151 1395 ante
1165 1379 1209 1402 per
1222 1371 1355 1402 proximos
1367 1378 1429 1396 een-

156 1408 214 1425 ores
226 1401 395 1426 observatum
410 1402 507 1427 fuerat.
545 1403 598 1427 Res
619 1410 743 1435 praeterea
764 1409 856 1429 contra
877 1404 990 1434 Apulos,
1012 1403 1151 1435 Etruscos,
1171 1403 1296 1434 Umbros,
1311 1404 1427 1435 Marsos,

142 1433 279 1465 Pelignos,
293 1434 407 1466 AEquos,
416 1439 443 1459 et
456 1435 602 1467 Samnites,
616 1437 711 1468 quibus
725 1438 807 1462 foedus
820 1440 878 1461 erat
891 1436 1054 1466 restitutum,
1065 1436 1187 1467 prospere
1199 1440 1287 1468 gestas
1298 1436 1426 1461 eontinet.

143 1465 254 1491 Flavius
265 1467 361 1498 scriba,
373 1467 495 1492 libertino
508 1472 584 1499 patre
593 1475 680 1501 natus,
692 1470 774 1494 aedilis
785 1468 884 1494 curulis
894 1469 943 1493 fuir
954 1476 998 1499 per
1008 1468 1139 1493 sorensem
1150 1468 1293 1493 factionem
1302 1473 1409 1493 creatus
1419 1477 1427 1493 z

143 1506 200 1529 quae
213 1506 293 1530 quum
306 1500 416 1523 comitia
428 1504 454 1524 et
467 1500 600 1531 Campum
613 1503 742 1534 turbaret,
754 1506 779 1526 et
793 1502 819 1526 in
833 1501 866 1525 iis
879 1506 986 1532 propter
1004 1500 1100 1525 nimias
1112 1501 1183 1525 vires
1203 1500 1393 1531 dominaretur,
1411 1507 1428 1525 a

143 1531 180 1556 Q.
195 1531 279 1555 Fabio
291 1539 400 1557 censore
413 1532 439 1556 in
450 1537 564 1564 quatuor
577 1534 662 1559 tribus
676 1535 783 1559 redacta
795 1539 846 1565 est,
868 1541 934 1565 quas
952 1533 1064 1557 urbanas
1085 1533 1243 1564 appellavit.
1281 1533 1372 1565 anue
1385 1540 1427 1557 res

144 1569 228 1595 Fabio
243 1570 361 1595 Maximo
374 1580 469 1596 nomen
482 1572 564 1596 dedit.
602 1577 673 1597 xv1.
691 1578 781 1603 xvn,
799 1568 858 1598 Sne.
905 1566 942 1596 In
959 1566 1020 1596 hoc
1037 1567 1112 1595 libro
1124 1567 1242 1596 mentio
1256 1567 1425 1596 Alexandri

142 1609 266 1649 Magni,
283 1611 335 1649 qui
353 1611 543 1650 temporibus
559 1611 608 1640 his
633 1608 711 1646 fuit;
749 1614 792 1644 et,
820 1608 979 1638 aestimatis
1008 1608 1111 1646 populi
1134 1607 1271 1636 Romani
1295 1607 1426 1643 viribus,

143 1660 212 1690 quae
227 1656 302 1681 tunc
319 1657 418 1687 erant,
435 1653 601 1691 colligitur,
619 1651 643 1680 si
660 1651 838 1680 Alexander
864 1650 896 1679 in
920 1649 1040 1678 Italiam
1069 1648 1258 1688 trajecisset,
1281 1658 1344 1678 non
1363 1654 1426 1678 tam

142 1692 267 1722 facilem
284 1694 313 1723 ei
330 1694 493 1723 victoriam
511 1690 550 1723 de
566 1692 683 1732 populo
700 1692 846 1722 Romano
863 1691 940 1725 fore,
958 1686 1054 1728 quam
1070 1691 1109 1719 de
1127 1690 1163 1719 iis
1174 1691 1333 1730 gentibus,
1351 1699 1428 1729 quas

145 1734 184 1763 ad
215 1733 389 1808 (glr‘gengzoglJ
407 1735 538 1774 imperio
567 1744 626 1764 suo
652 1733 841 1773 subjecerat.
901 1734 1144 1768 [ena—1111.
1192 1732 1427 1759 u.c.433—449.

142 1781 214 1800 με.
279 1789 312 1794 -
369 1793 375 1799 .

196 1901 228 1937 Ι.
276 1902 487 1942 Smmwn
506 1903 610 1939 hunc
629 1914 771 1938 annum
792 1901 929 1938 nobilis
958 1901 1066 1938 clade
1092 1900 1269 1937 Romana
1289 1899 1474 1944 Caudi-3·

144 1965 194 1990 na
228 1966 316 2002 pax,
356 1954 404 1990 T.
443 1954 602 1991 Veturio
637 1954 810 1998 Calvino,
855 1954 920 2001 Sp.
959 1952 1165 1998 Postumio,
1195 1951 1426 1988 consulibus.
1448 1968 1466 1995 ςι

144 2006 334 2042 Samnites
355 2019 399 2043 eo
420 2019 519 2043 anno
539 2007 801 2054 imperatorem
818 2004 862 2041 C.
881 2005 1068 2049 Pontium,
1087 2004 1274 2040 Hel-ennii
1295 2003 1427 2046 filium,
1448 2007 1474 2055 ξ

145 2057 370 2105 habuerunt,
390 2066 496 2106 patre
517 2058 627 2107 longe}
647 2057 939 2107 prudentissimo
958 2064 1102 2099 natum,
1123 2056 1284 2104 primum
1305 2056 1426 2104 ipsum
1449 2056 1456 2063 '

144 2109 360 2147 bellatorem
382 2111 605 2158 ducemque.
662 2110 713 2152 Is,
734 2109 798 2145 ubi
828 2109 955 2157 legati,
984 2109 1048 2156 qui
1068 2108 1114 2144 ad
1142 2108 1336 2144 dedendas
1369 2099 1466 2157 resg

143 2161 247 2198 missi
277 2170 396 2206 erant,
417 2175 510 2211 pace
531 2162 670 2199 infecta
702 2161 907 2204 redierunt,
936 2163 959 2182 ‘⁶
979 2161 1039 2197 Ne
1060 2160 1152 2196 nihil
1174 2160 1342 2203 actum‚”
1372 2160 1428 2196 in·
1448 2161 1472 2210 ’Ξ

143 2213 236 2261 quit,
266 2215 375 2251 “hac
408 2215 596 2264 legatione
625 2213 824 2256 censeatis,
853 2213 1046 2262 expiatum
1073 2219 1142 2255 est,
1170 2211 1351 2261 quidquid
1380 2213 1473 2252 exE

146 2267 169 2310 ‘f
184 2265 326 2303 foedere
360 2275 468 2315 rupto
496 2267 634 2303 irarum
664 2266 702 2303 in
733 2277 801 2302 nos
828 2265 1038 2302 coelestium
1068 2264 1149 2301 fuit.
1206 2264 1306 2301 Satis
1334 2263 1425 2309 scio,

145 2318 169 2340 “
182 2318 483 2367 quibuscumque
503 2319 587 2355 Diis
605 2319 709 2355 cordi
741 2318 820 2362 fuit,
856 2318 978 2367 subigi
1005 2330 1073 2354 nos
1092 2318 1138 2353 ad
1158 2317 1425 2353 necessitatem

145 2370 347 2407 “dedendi
378 2383 451 2418 res,
482 2384 564 2419 quae
584 2384 606 2407 a
625 2370 732 2407 nobis
760 2382 806 2406 ex
836 2370 974 2406 soedere
1002 2369 1171 2418 repetitae
1201 2369 1361 2415 fuerant,
1381 2367 1426 2404 iis
1441 2378 1471 2403 10

146 2424 260 2459 “non
294 2423 406 2459 fuisse
439 2423 543 2460 cordi
573 2430 647 2460 tam
668 2422 826 2471 superbe
857 2423 903 2458 ab
932 2422 1118 2459 Romanis
1147 2421 1297 2458 soederis
1324 2419 1427 2469 expi-

148 2475 348 2512 “ationem
387 2483 560 2524 spretam.
625 2474 733 2514 Quid
762 2475 864 2512 enim
902 2474 999 2511 ultra
1037 2475 1116 2511 fieri
1146 2474 1190 2510 ad
1221 2473 1426 2522 placandos
