1638 2765
122 144 148 182 g
645 143 736 174 T1T1
759 144 870 175 mvn

123 243 266 286 poterat
294 236 436 281 amnis;
466 244 514 283 et,
544 250 652 286 posse
680 238 849 286 quamvis
877 238 1060 286 languida
1088 238 1206 287 mergi
1227 238 1323 286 aqua
1342 238 1398 275 in-

125 289 258 335 santes,
278 301 382 337 spem
403 289 608 326 serentibus
628 290 761 326 dabat:
792 289 856 332 ita,
878 290 978 325 velut
1003 290 1171 326 defuncti
1201 291 1301 339 regis
1329 290 1398 326 im-

124 341 239 389 perio,
272 341 310 377 in
347 341 517 389 proxima
551 342 699 384 alluvie,
733 341 797 377 ubi
831 354 934 377 nunc
964 341 1058 377 ficus
1087 341 1304 378 Ruminalis
1341 349 1398 379 est

126 392 391 439 (Romularem
408 400 575 429 vocatam
595 393 750 443 ferunt),
764 405 900 441 pueros
915 400 1119 440 exponunt.
1178 394 1301 430 Vastae
1317 402 1396 430 tum

125 445 163 481 in
183 444 228 480 iis
247 444 340 481 locis
360 444 580 481 solitudines
599 452 717 481 erant.
773 444 901 480 Tenet
921 444 1032 490 sama,
1052 457 1167 492 quum
1188 445 1396 482 fluitantem
1409 454 1426 479 5

124 496 284 539 alveum,
305 509 378 543 quo
397 497 555 544 expositi
588 503 694 532 erant
719 496 836 544 pueri,
857 496 981 532 tenuis
1010 496 1049 532 in
1080 496 1182 532 sicco
1212 509 1306 544 aqua
1334 497 1398 533 de-

124 548 317 590 stituisset,
338 548 463 595 lupam
484 548 686 591 sitientem,
707 561 753 584 ex
783 548 973 584 montibus
1005 548 1068 595 qui
1098 547 1201 584 circa
1230 556 1329 591 sunt,
1350 549 1397 584 ad

124 600 306 657 puerilem
327 600 492 648 vagitum
513 612 666 636 cursum
684 599 853 636 flexisse:
873 612 957 636 eam
973 599 1177 636 submissas
1192 599 1398 636 infantibus

124 650 217 688 adeo
238 652 366 687 mitem
387 651 591 710 praebuisse
608 664 801 697 mammas,
815 659 856 688 ut
874 652 1005 700 lingua
1020 652 1247 688 lambentem
1263 664 1398 700 pueros

125 703 302 752 magister
332 703 426 752 regii
459 704 606 751 pecoris
636 704 831 740 invenerit.
898 704 1078 740 Faustulo
1112 703 1225 739 fuisse
1258 716 1396 740 nomen
1412 712 1442 736 10

125 755 271 791 ferunt:
302 755 349 790 ab
370 768 414 791 eo
439 756 485 791 ad
515 756 661 791 stabula
690 755 877 791 Larentiae
909 755 1014 791 uxori
1042 755 1262 792 educandos
1292 756 1396 792 latos.

125 808 237 853 Sunt,
258 807 320 854 qui
342 807 570 850 Larentiam,
593 807 741 855 vulgato
770 819 936 855 corpore,
957 807 1081 855 lupam
1112 807 1207 843 inter
1232 814 1398 855 pastores

125 866 297 894 vocatam
331 865 486 906 putent:
529 859 617 895 inde
647 859 773 895 locum
803 859 937 895 fabulae
971 871 1016 895 ac
1045 859 1226 895 miraculo
1255 859 1395 895 datum.

125 910 183 946 Ita
203 910 335 959 geniti,
357 910 480 958 itaque
499 911 664 957 educati,
683 924 798 958 quum
818 910 976 959 primum
1007 911 1168 947 adolevit
1198 918 1298 954 aetaS,
1325 923 1398 948 nec

125 962 162 998 iu
195 962 351 998 stabulis
370 974 442 998 nec
474 963 520 998 ad
553 975 690 1011 pecora
708 975 855 1011 segnes,
875 963 1048 999 venando
1068 975 1265 1011 peragrare
1294 962 1397 999 circe}⁴
1412 970 1443 994 15

123 1014 251 1050 saltus.
322 1014 440 1057 Hinc,
474 1015 605 1051 robore
637 1015 854 1063 corporibus
887 1015 1094 1062 animisque
1129 1022 1289 1062 sumpto,
1319 1015 1397 1063 jam

125 1079 199 1102 non
221 1066 317 1102 feras
336 1066 478 1102 tantum
498 1067 712 1109 subsistere,
733 1067 798 1102 sed
818 1067 856 1103 in
881 1067 1057 1110 latrones,
1076 1066 1202 1115 praeda
1229 1075 1396 1110 onustos,

125 1118 286 1166 impetus
319 1118 453 1163 facere,
483 1119 765 1166 pastoribusque
798 1126 902 1167 rapta
932 1119 1123 1163 dividere3
1149 1126 1186 1154 et
1217 1131 1304 1154 cum
1325 1119 1395 1162 his,

123 1177 319 1206 crescente
339 1170 377 1206 in
397 1170 477 1206 dies
495 1183 610 1219 grege
635 1171 828 1220 juvenum,
849 1170 945 1207 seria
964 1183 1008 1207 ac
1032 1170 1138 1220 jocos
1157 1170 1359 1207 celebrare.

174 1273 222 1310 V.
251 1273 337 1310 Jam
356 1280 436 1310 tum
456 1274 493 1310 in
513 1275 684 1311 Palatino
702 1282 829 1311 monte
848 1275 1034 1324 Lupercal
1063 1275 1134 1311 hoc
1163 1274 1277 1310 fuisse
1302 1274 1441 1311 ludi-2⁰

121 1338 227 1362 crum
248 1326 384 1369 ferunt,
405 1334 442 1362 et
461 1339 482 1362 a
501 1327 704 1371 Pallanteo,
723 1328 814 1363 urbe
833 1327 1033 1372 Arcadica,
1054 1326 1290 1369 Pallanfium,
1307 1327 1396 1363 dein

122 1377 320 1424 Palatium,
350 1386 516 1415 montem
549 1379 786 1427 appellatum.
843 1379 901 1423 lbi
934 1379 1162 1423 Evandrum,
1183 1378 1244 1426 qui
1274 1390 1320 1414 ex
1351 1390 1397 1415 eo

121 1442 260 1478 genere
291 1431 485 1467 Arcadum
519 1431 646 1467 multis
675 1431 760 1467 ante
790 1431 1076 1480 tempestatibus
1101 1437 1272 1467 tenuerat
1299 1430 1394 1474 loca,

121 1482 276 1518 solenne
296 1482 449 1518 allatum
468 1495 515 1519 ex
535 1483 702 1519 Arcadia
722 1483 940 1528 instituisse,
959 1490 997 1518 ut
1015 1483 1108 1518 nudi
1132 1482 1302 1530 juvenes,
1323 1482 1396 1530 Ly-

121 1546 229 1570 ceum
252 1534 355 1569 Pana
374 1542 607 1580 venerantes,
625 1547 689 1582 per
704 1534 827 1571 lusum
844 1542 953 1582 atque
969 1534 1161 1570 lasciviam
1177 1542 1392 1578 currerent;
1407 1536 1440 1561 2⁵

120 1598 231 1633 quem
248 1586 415 1622 Romani
432 1586 569 1622 deinde
583 1587 765 1623 vocarunt
782 1586 931 1622 Inuum.
970 1586 1073 1635 Huic
1087 1586 1223 1622 deditis
1236 1585 1401 1629 ludicro,

120 1650 232 1685 quum
253 1638 407 1674 solenne
427 1645 556 1674 notum
576 1646 687 1685 esset,
708 1639 902 1675 insidiatos
920 1638 968 1675 ob
987 1638 1079 1674 iram
1099 1638 1233 1686 praedae
1250 1638 1394 1674 amissae

120 1689 295 1735 latrones,
319 1703 434 1738 quum
454 1690 643 1727 Romulus
662 1691 697 1726 vi
717 1703 755 1726 se
775 1690 1018 1733 defendisset,
1040 1690 1206 1726 Remum
1226 1689 1393 1737 cepisse3

120 1749 271 1790 captum
300 1742 379 1790 regi
408 1742 562 1778 Amulio
590 1743 800 1786 tradidisse,
822 1743 918 1779 ultro
944 1748 1178 1778 accusantes.
1234 1741 1393 1778 Crimini

120 1792 280 1830 maxime}
301 1794 454 1841 dabant,
475 1794 512 1830 in
532 1794 743 1831 Numitoris
763 1807 870 1843 agros
886 1795 932 1830 ab
949 1794 1006 1830 his
1021 1794 1202 1843 impetum
1218 1794 1320 1837 fieri3
1341 1793 1438 1829 in-30

119 1846 166 1882 de
186 1858 263 1888 eOS,
284 1846 444 1882 collecta
468 1846 649 1895 juvenum
680 1859 806 1889 manu,
828 1846 998 1883 hostilem
1020 1847 1055 1882 in
1077 1846 1229 1882 modum
1250 1845 1394 1893 praedas

120 1910 231 1945 agere
247 1910 253 1933 :
274 1898 328 1933 sic
345 1898 536 1934 Numitori
550 1899 595 1934 ad
609 1898 832 1946 supplicium
847 1899 994 1934 Remus
1009 1898 1170 1934 deditur.
1207 1895 1291 1933 Jam
1305 1897 1393 1934 inde

120 1950 167 1985 ab
186 1949 292 1986 initio
312 1949 492 1986 Faustulo
511 1963 595 1998 spes
614 1950 746 1996 fuerat,
767 1950 907 1999 regiam
928 1950 1079 1998 stirpem
1107 1949 1205 1997 apud
1234 1962 1274 1985 se
1303 1949 1394 1985 edu-

120 2001 196 2037 cari
210 2014 218 2045 3
239 2014 326 2037 nam
342 2009 379 2037 et
394 2002 581 2050 expositos
596 2002 700 2051 jussu
718 2002 816 2050 regis
832 2002 994 2038 infantes
1009 2001 1164 2044 sciebat,
1181 2008 1218 2037 et
1233 2008 1391 2049 tempus,

119 2066 192 2101 quo
211 2053 288 2102 ipse
308 2066 371 2090 eos
390 2054 612 2100 sustulisset,
633 2054 679 2090 ad
699 2054 736 2090 id
758 2055 877 2102 ipsum
896 2065 1106 2102 congruere
1119 2066 1128 2098 ;
1142 2053 1214 2089 'sed
1230 2066 1307 2089 rem
1328 2053 1438 2089 itu-³⁵

120 2112 317 2148 maturam,
351 2105 423 2142 nisi
456 2113 520 2142 aut
551 2118 616 2154 per
647 2106 888 2142 occasionem
921 2113 985 2141 aut
1015 2118 1081 2154 per
1112 2105 1391 2148 necessitatem,

120 2157 254 2206 aperiri
287 2157 467 2194 noluerat.
523 2158 743 2194 Necessitas
774 2158 872 2206 prior
905 2157 1027 2193 venit:
1058 2158 1119 2200 ita,
1138 2164 1240 2193 metu
1260 2157 1392 2193 subac-

121 2216 191 2255 tus,
211 2209 377 2246 Romulo
396 2222 472 2245 rem
503 2210 632 2258 aperit.
689 2210 801 2246 Forte
820 2217 857 2246 et
875 2209 1079 2252 Numitori,
1099 2222 1213 2257 quum
1243 2209 1281 2245 in
1311 2222 1394 2245 ous-

119 2262 223 2298 todia
254 2261 421 2298 Remum
455 2261 622 2308 haberet,
655 2261 893 2309 audissetque
925 2261 1098 2310 geminos
1129 2274 1210 2297 esse
1247 2261 1390 2304 fratres,

120 2313 374 2362 comparando
392 2320 430 2349 et
449 2319 593 2349 {etatem
614 2326 757 2359 eorum,
776 2320 814 2350 et.
832 2314 950 2362 ipsam
970 2313 1122 2349 minime
1143 2313 1313 2349 servilem
1337 2313 1437 2350 in-4o

119 2365 257 2412 dolem,
277 2366 450 2414 tetigerat
469 2365 634 2401 animum
657 2365 836 2401 memoria
855 2373 1032 2414 nepotum
1051 2378 1059 2401 :
1089 2365 1391 2413 sciscitandoque

119 2416 253 2454 eodem
284 2418 466 2469 pervenit,
500 2424 541 2454 ut
573 2417 673 2454 haud
705 2417 832 2466 procul
866 2425 976 2461 esset,
1010 2417 1099 2465 quin
1135 2417 1300 2453 Remum
1330 2429 1392 2466 ag-
