1617 2765
155 194 235 232 214
712 194 802 226 TITI
827 194 937 226 LIVII

156 289 204 326 de
233 289 271 326 in
309 288 509 339 Pupiniam
540 290 706 327 exercitu
738 290 915 338 demisso,
945 297 1031 328 octo
1064 291 1181 328 millia
1197 304 1376 340 passuum
1394 291 1442 329 ab

157 341 286 379 Roma
303 342 427 391 posuit
446 350 580 379 castra.
636 342 730 382 Quo
750 344 900 393 propius
920 344 1036 381 hostis
1056 344 1277 390 accedebat,
1297 344 1342 381 eo
1362 357 1441 381 ma-

153 394 209 444 jor
229 395 353 432 caedes
374 395 486 432 fiebat
516 394 756 444 fugientium,
785 396 1089 445 praecedentibus
1118 397 1321 434 Numidis:
1361 397 1443 447 plu-

156 460 289 496 resque
308 448 478 485 omnium
500 460 684 497 generum
706 456 817 497 atque
838 449 1004 486 aetatium
1024 449 1283 499 capiebantur.

207 552 258 589 X.
289 552 335 589 In
357 553 428 589 hoc
449 552 611 589 tumultu
645 553 802 590 Fulvius
821 553 997 600 Flaccus,
1027 555 1131 603 porta
1165 553 1324 603 Capena
1354 567 1442 591 cum
1467 577 1483 602 5

154 605 323 642 exercitu
345 605 509 641 Romam
531 605 735 654 ingressus,
756 606 883 642 media
902 607 1008 650 urbe,
1028 619 1094 655 per
1109 606 1291 653 Carinas,
1310 607 1444 655 Esqui-

154 657 223 694 lias
243 657 461 694 contendit:
492 657 581 693 inde
601 670 787 707 egressus,
809 658 906 695 inter
926 659 1163 708 Esquilinam
1177 659 1443 708 Collinamque

154 718 299 759 portam
319 710 444 759 posuit
472 717 605 746 castra.
663 710 811 746 AEdiles
831 711 951 759 plebis
976 719 1230 748 commeatum
1261 711 1308 748 eo
1339 724 1444 748 eom-

154 764 360 811 portarunt.
418 761 606 799 Consules
626 770 854 811 senatusque
876 763 913 799 in
937 770 1060 800 castra
1083 771 1267 800 venerunt
1285 777 1292 800 :
1324 765 1375 800 ibi
1395 765 1443 801 de

152 817 300 851 summa
321 827 361 851 re
381 814 535 864 publica
555 815 821 852 consultatum.
860 815 1022 862 Placuit,
1042 816 1218 852 consules
1237 816 1340 852 circa
1360 829 1442 864 por-
1453 833 1484 858 10

152 875 208 903 tas
229 867 419 904 Collinam
439 867 750 916 Esquilinamque
771 880 910 917 ponere
931 875 1081 913 castra3
1121 867 1167 905 C.
1189 868 1442 917 Calpurnium

152 927 348 969 praetorem
371 920 556 957 urbanum
589 920 777 970 Capitolio
807 928 917 969 atque
951 921 1029 958 arci
1049 933 1236 970 praeesse;
1277 929 1314 958 et
1334 934 1443 958 sena-

152 981 231 1010 tum
253 973 489 1022 frequentem
510 973 549 1009 in
570 973 647 1010 foro
667 973 867 1019 contineri,
901 974 931 1010 si
952 974 1040 1021 quid
1074 974 1112 1010 in
1133 980 1209 1010 tam
1230 974 1364 1010 subitis
1383 986 1442 1010 re-

154 1025 222 1062 bus
243 1025 416 1063 consulto
434 1038 528 1074 opus
548 1032 659 1062 esset.
717 1025 822 1062 Inter
851 1026 933 1062 haec
953 1026 1149 1063 Hannibal
1179 1026 1225 1062 ad
1249 1027 1441 1063 Anienem

152 1078 322 1125 fluvium,
343 1078 413 1115 tria
432 1078 550 1114 millia
577 1091 756 1127 passuum
776 1079 822 1114 ab
852 1078 966 1122 Urbe,
1002 1086 1125 1115 castra
1150 1079 1341 1115 admovit:
1389 1079 1440 1116 ibi
1456 1090 1486 1115 15

151 1131 294 1167 stativis
327 1131 470 1179 positiS,
502 1130 580 1178 ipse
611 1143 698 1167 cum
723 1131 872 1167 duobus
892 1131 1057 1167 millibus
1085 1131 1255 1179 equitum
1285 1143 1306 1167 a
1335 1133 1440 1180 porta

151 1183 303 1219 Collina
323 1195 441 1231 usque
471 1183 517 1219 ad
548 1183 728 1219 Herculis
748 1183 928 1232 templum
949 1190 1006 1219 est
1028 1196 1272 1232 progressus;
1316 1193 1442 1231 atque,

151 1235 252 1271 unde
290 1235 458 1284 proxime
487 1242 645 1284 poterat,
674 1235 815 1272 moenia
852 1235 1040 1284 situmque
1077 1235 1181 1272 urbis
1218 1235 1443 1284 obequitans

152 1287 492 1335 contemplabatur.
560 1287 605 1324 Id
626 1301 712 1324 eum
734 1295 810 1324 tam
829 1288 989 1324 licenter
1009 1295 1120 1336 atque
1151 1287 1270 1325 otiose
1301 1288 1440 1332 facere,

150 1340 294 1377 Flacco
315 1340 515 1389 indignum
536 1340 656 1377 visum
676 1348 733 1377 est
750 1353 759 1376 ι
790 1341 915 1389 itaque
936 1340 1093 1377 immisit
1112 1340 1274 1388 equites,
1293 1340 1488 1384 submo-20

149 1393 302 1442 verique
331 1400 441 1441 atque
471 1393 509 1429 in
552 1401 676 1429 castra
712 1393 832 1442 redigi
872 1393 1034 1430 hostium
1074 1393 1283 1441 equitatum
1318 1393 1442 1442 jussit.

149 1444 283 1485 Quum
305 1445 548 1482 commissum
570 1445 743 1494 proelium
772 1453 882 1491 esset,
914 1445 1090 1482 cOnsules
1118 1445 1332 1494 transfugas
1361 1445 1442 1482 Nu-

150 1498 351 1543 midarum,
372 1498 435 1547 qui
465 1505 545 1535 tum
576 1498 614 1534 in
645 1498 838 1535 Aventino
868 1498 915 1534 ad
936 1497 1037 1534 mille
1057 1505 1095 1534 et
1115 1497 1302 1534 ducentos
1320 1504 1440 1541 erant,

150 1551 275 1587 media
296 1551 387 1587 urbe
408 1550 568 1587 transire
589 1549 780 1598 Esquilias
796 1550 1016 1599 jusserunt:
1048 1549 1171 1586 nullos
1190 1549 1364 1597 aptiores,
1387 1549 1442 1586 in-

149 1610 206 1640 ter
235 1603 426 1640 convalles
446 1610 620 1651 tectaque
642 1603 833 1640 hortorum
868 1609 905 1639 et
925 1602 1098 1651 sepulcra
1118 1610 1182 1639 aut
1200 1614 1312 1638 cavas
1332 1601 1486 1645 nudi-25

149 1668 222 1704 que
242 1655 332 1699 vias,
363 1655 409 1692 ad
439 1655 687 1705 pugnandum
718 1655 861 1692 futuros
881 1655 977 1691 rati:
1025 1667 1117 1703 quos
1149 1666 1264 1703 quum
1285 1667 1333 1690 ex
1352 1666 1441 1691 arce

150 1708 411 1757 Capitolioque
431 1708 540 1744 Clivo
560 1708 733 1745 Publicio
762 1708 800 1744 in
821 1708 927 1756 equis
947 1707 1193 1744 decurrentes
1213 1707 1368 1755 quidam
1389 1706 1442 1743 vi-

149 1761 305 1806 dissent,
327 1768 480 1810 captum
502 1760 738 1797 Aventinum
769 1760 1118 1798 conclamaverunt.
1175 1759 1234 1796 Ea
1271 1772 1331 1796 res
1361 1766 1443 1796 tan-

149 1821 230 1850 tum
250 1813 453 1850 tumultum
483 1826 528 1850 ac
549 1813 675 1862 fugam
696 1813 868 1862 praebuit‚
891 1820 943 1856 ut,
974 1812 1046 1849 nisi
1068 1816 1191 1849 castra
1210 1812 1356 1848 Punica
1377 1824 1442 1848 ex-

149 1873 207 1902 tra
228 1866 356 1902 urbem
379 1866 550 1912 fuissent,
571 1865 737 1902 effusura
764 1866 888 1903 omnis
916 1877 955 1902 se
976 1864 1111 1914 pavida
1131 1864 1331 1901 multitudo
1361 1863 1439 1900 fue·
1454 1878 1487 1903 30

148 1918 219 1955 rit:
249 1925 341 1954 tunc
361 1918 398 1954 in
415 1919 546 1954 domos
566 1925 676 1965 atque
697 1918 734 1954 in
756 1925 856 1954 tecta
886 1917 1147 1965 refugiebant:
1192 1929 1379 1964 vagosque
1400 1915 1439 1953 in

149 1970 220 2007 viis
238 1983 325 2007 suos
345 1983 412 2019 pro
433 1970 601 2006 hostibus
633 1969 822 2018 lapidibus
852 1969 1008 2016 telisque
1043 1968 1296 2005 incessebant.
1353 1968 1440 2006 Nec

150 2023 347 2072 comprimi
378 2022 560 2059 tumultus
581 2022 791 2071 aperirique
808 2034 909 2058 error
929 2027 1086 2070 poterat,
1120 2020 1268 2057 refertis
1299 2021 1441 2057 itineri-

150 2076 221 2112 bus
241 2076 444 2125 agrestium
465 2075 576 2112 turba
604 2087 872 2123 pecorumque,
902 2086 984 2122 quae
1015 2073 1237 2122 repentinus
1267 2086 1380 2122 pavor
1399 2074 1439 2110 in

150 2129 282 2165 urbem
305 2127 551 2177 compulerat.
608 2127 792 2175 Equestre
812 2127 984 2176 proelium
1002 2126 1214 2163 secundum
1236 2125 1316 2171 fuit,
1339 2139 1482 2167 sum-35

150 2181 316 2229 motique
338 2182 464 2218 hostes
484 2187 597 2217 sunt:
641 2188 692 2227 et,
711 2180 799 2229 quia
821 2179 946 2215 multis
965 2179 1059 2216 locis
1084 2178 1361 2228 comprimendi
1382 2186 1439 2215 tu-

150 2233 291 2270 multus
323 2240 442 2277 erant,
471 2233 536 2281 qui
569 2232 709 2270 temere
746 2232 976 2275 oriebantur,
1014 2231 1169 2280 placuit,
1197 2244 1342 2277 omneS,
1374 2230 1438 2279 qui

151 2286 368 2333 dictatores,
388 2286 574 2331 consules,
597 2297 820 2322 censoresve
851 2285 1022 2327 fuissent,
1053 2297 1142 2321 cum
1162 2284 1320 2333 imperio
1339 2296 1437 2330 esse,

151 2338 274 2376 donec
307 2339 525 2375 recessisset
560 2351 581 2375 a
610 2338 726 2375 muris
755 2338 883 2374 hostis.
941 2337 990 2374 Et
1023 2337 1097 2374 diei
1129 2338 1227 2386 quod
1248 2336 1436 2385 reliquum

152 2390 235 2435 fuit,
255 2399 294 2428 et
311 2399 422 2428 nocte
442 2391 670 2440 insequenti,
687 2390 793 2427 multi
810 2392 951 2428 temere
966 2389 1120 2427 excitati
1135 2389 1319 2427 tumultus
1334 2394 1436 2436 sunt,
1447 2402 1480 2429 40

152 2444 442 2494 compressique.
