1617 2765
133 188 212 227 238
677 186 767 217 Tm
792 184 903 216 mvn

136 283 211 321 cim
232 295 417 319 annorum
439 282 476 319 in
497 282 592 319 terra
614 281 721 318 Italia
743 294 801 318 res
830 287 967 330 gestas,
999 286 1051 317 tot
1069 280 1187 316 duces
1206 279 1417 324 Romanos,

136 343 189 373 tot
207 336 396 372 exercitus
415 335 614 372 occidione
634 334 793 377 occisos,
815 341 852 370 et
872 346 939 369 sua
959 333 1095 381 cuique
1115 333 1266 379 decora,
1286 333 1349 368 ubi
1371 333 1418 368 ad

136 388 323 438 insignem
345 388 503 436 alicujus
532 400 669 436 pugnae
699 386 881 422 memoria
911 386 1065 422 militem
1089 392 1253 432 venerat,
1284 385 1421 421 refere-

136 441 209 477 bat.
268 440 397 489 Scipio
420 439 635 488 Hispanias
657 446 694 475 et
714 439 881 475 recentia
900 438 938 474 in
960 438 1093 474 Africa
1113 437 1254 486 proelia,
1275 444 1312 474 et
1332 450 1420 473 con-

136 493 336 530 fessionem
370 492 545 538 hostium,
578 490 677 539 quod
708 503 829 539 neque
850 503 924 527 non
954 498 1081 539 petere
1111 502 1243 538 pacem
1273 497 1421 538 propter
1449 497 1466 521 5

136 554 291 589 metum,
313 557 434 593 neque
456 556 608 580 manere
632 544 669 579 in
704 544 749 579 ea
779 556 853 592 prae
874 543 984 579 insita
1005 543 1142 578 animis
1161 541 1330 590 perfidia,
1361 554 1422 590 po-

135 598 317 635 tuissent:
366 597 411 633 ad
446 597 531 639 hoc,
561 596 789 643 colloquium
822 595 1062 638 Hannibalis,
1084 595 1121 631 in
1143 603 1289 631 secreto
1319 594 1423 630 habi-

134 659 228 694 tum,
250 663 294 687 ac
315 650 473 686 liberum
495 647 667 697 fingenti,
687 648 759 695 qua
778 648 876 693 velit,
895 647 1008 683 flecti.
1051 647 1266 692 Ominatur‚
1287 646 1423 694 quibus

134 703 324 751 quondam
347 700 525 749 auspiciis
544 707 668 748 patres
701 712 831 736 eorum
850 699 1102 748 pugnaverint
1121 700 1168 735 ad
1192 699 1348 747 AEgates
1369 698 1423 734 in-

135 755 248 798 sulas,
295 767 341 790 ea
387 754 460 790 illis
505 752 733 789 exeuntibus
773 751 811 788 in
855 752 977 788 aciem
1015 751 1251 800 portendisse
1290 751 1393 787 Deos
1415 759 1468 787 :10

135 811 159 830 “
176 808 322 843 Adesse
343 806 457 842 finem
479 805 566 842 belli
600 817 644 841 ac
669 804 819 841 laboris.
878 804 923 840 In
953 803 1128 840 manibus
1147 815 1230 839 esse
1258 803 1424 852 praedam

136 862 160 881 “
175 858 432 908 Carthaginis,
468 858 630 895 reditum
668 857 820 894 domum
865 856 904 893 in
932 855 1104 905 patriam,
1149 856 1195 892 ad
1235 863 1423 904 parentes,

135 911 323 954 “liberos,
345 911 538 960 conjugeS,
561 910 797 958 Penatesque
819 909 960 946 Deos.'’
1017 908 1153 945 Celsus
1183 908 1266 945 hcec
1296 920 1426 956 corpo-

136 977 189 1008 re,
211 964 389 1012 vultuque
410 963 461 1000 ita
480 963 577 1006 laeto,
612 969 652 999 ut
671 962 808 999 vicisse
833 962 911 1011 jam
936 961 1124 1007 crederes,
1145 960 1308 997 dicebat.
1366 960 1426 996 In-

136 1017 244 1054 struit
274 1016 413 1052 deinde
446 1015 586 1064 primos
619 1015 797 1058 hastatos,
828 1021 910 1064 post
942 1026 1006 1051 eos
1034 1013 1247 1063 principes:
1289 1012 1426 1049 triariis
1442 1022 1471 1046 15

135 1076 364 1119 postremam
384 1068 506 1105 aciem
527 1067 675 1104 clausit.

191 1171 393 1210 XXXIII.
423 1171 513 1209 Non
534 1171 724 1208 confertas
755 1178 882 1208 autem
902 1171 1075 1208 cohortes
1101 1177 1188 1207 ante
1208 1182 1276 1206 sua
1301 1182 1428 1218 quam-

140 1238 212 1275 que
232 1225 343 1275 signa
361 1224 583 1267 instruebat,
604 1224 669 1260 sed
691 1223 903 1272 manipulos
923 1223 1160 1271 aliquantum
1180 1222 1278 1259 inter
1298 1235 1337 1258 se
1357 1221 1430 1258 dis-

139 1286 277 1324 tantes,
296 1284 338 1314 ut
357 1283 457 1314 esset
483 1276 658 1326 spatium,
680 1289 752 1325 quo
771 1275 963 1324 elephanti
984 1275 1146 1312 hostium
1167 1274 1314 1323 accepti
1334 1273 1428 1310 nihil

137 1331 291 1368 ordines
320 1329 527 1366 turbarent.
602 1326 762 1366 Laelium
791 1327 921 1378 (cujus
958 1327 1044 1364 ante*
1083 1327 1211 1377 legati,
1255 1339 1300 1364 eo
1329 1338 1474 1363 annoso

138 1382 333 1432 quaestoris
351 1388 457 1419 extra
476 1388 613 1418 sortem
650 1392 696 1416 ex
716 1380 1073 1426 senatus-consulto,
1094 1381 1206 1428 opera
1236 1377 1428 1428 utebatur)

139 1448 227 1473 cum
249 1434 384 1471 Italico
403 1433 573 1483 equitatu
603 1433 650 1470 ab
682 1433 834 1470 sinistro
863 1445 995 1479 cornu,
1030 1431 1272 1469 Masinissam
1294 1430 1430 1467 Numi-

140 1489 281 1536 dasque
302 1487 349 1523 ab
379 1487 510 1523 dextro
542 1485 740 1534 opposuit:
789 1485 866 1522 vias
891 1491 1063 1533 patentes
1093 1484 1190 1520 inter
1218 1483 1431 1531 manipulos

140 1539 476 1588 antesignanorum
497 1538 672 1574 velitibus
689 1535 752 1586 (ea
771 1544 864 1574 tunc
883 1537 974 1573 levis
995 1544 1184 1573 armatura
1203 1535 1300 1586 erat)
1331 1547 1431 1571 com-

141 1592 274 1642 plevit3
315 1592 402 1628 dato
431 1597 632 1639 praecepto,
661 1597 716 1637 ut,
745 1589 791 1626 ad
821 1589 1004 1638 impetum
1033 1589 1332 1638 elephantorum,
1367 1593 1476 1624 aut25

141 1651 223 1694 post
255 1651 378 1680 rectos
408 1643 626 1692 refugerent
657 1642 823 1688 ordines,
850 1649 926 1688 aut,
956 1641 996 1678 in
1025 1641 1196 1678 dextram
1224 1639 1431 1687 laevamque

140 1697 315 1733 discursu
353 1695 588 1745 applicantes
618 1707 657 1731 se
687 1694 958 1743 antesignanis,
999 1693 1111 1740 viam,
1141 1692 1217 1741 qua
1246 1691 1433 1728 irruerent

143 1749 181 1786 in
201 1748 382 1797 ancipitia
411 1748 497 1795 tela,
517 1747 652 1784 belluis
672 1747 819 1784 darent.
863 1746 1071 1789 Hannibal,
1092 1746 1137 1782 ad
1159 1753 1340 1782 terrorem
1360 1743 1432 1792 pri-

141 1814 259 1848 mum,
280 1801 503 1850 elephantos
524 1799 735 1850 (octoginta
753 1807 879 1836 autem
900 1806 1020 1845 erant,
1040 1805 1130 1847 quot
1144 1797 1250 1834 nulla
1265 1808 1431 1845 unquam

141 1855 178 1891 in
210 1853 292 1890 acie
322 1852 410 1890 ante
440 1852 641 1904 habuerat)
663 1852 861 1889 instruxit:
900 1852 1039 1888 deinde
1073 1850 1213 1887 auxilia
1241 1849 1430 1897 Ligurum
1446 1860 1478 1885 30

142 1905 427 1953 Gallorumque,
448 1904 669 1940 Balearibus
699 1903 920 1952 Maurisque
954 1903 1158 1946 admixtis3
1203 1901 1241 1937 in
1262 1900 1433 1937 secunda

142 1958 224 1995 acie
255 1956 594 2006 Carthaginienses
625 1955 824 2004 Afrosque,
855 1962 892 1991 et
926 1954 1182 1990 Macedonum
1213 1952 1431 2002 legionem,

141 2010 293 2048 modico
313 2010 401 2046 inde
435 2007 630 2045 intervallo
651 2007 793 2052 relicto,
827 2007 1091 2043 subsidiariam
1125 2006 1247 2043 aciem
1281 2005 1433 2042 Italico-

143 2076 227 2100 rum
247 2062 408 2099 militum
429 2060 581 2111 (Bruttii
601 2059 768 2108 plerique
788 2066 908 2106 erant,
929 2059 962 2095 vi
983 2072 1028 2095 ac
1047 2058 1274 2095 necessitate
1290 2057 1430 2106 plures,

145 2114 257 2164 quam
278 2115 346 2151 sua
369 2114 572 2158 voluntate,
593 2113 843 2149 decedentem
873 2124 918 2148 ex
950 2111 1068 2149 Italia
1085 2111 1223 2161 secuti)
1244 2110 1432 2147 instruxit.
1446 2121 1479 2146 35

146 2167 366 2216 Equitatum
398 2166 513 2203 etiam
543 2165 666 2214 ipsum
708 2163 961 2201 circumdedit
1002 2163 1210 2201 cornibus:
1258 2163 1434 2200 dextrum

148 2219 498 2269 Carthaginienses,
527 2217 720 2254 sinistrum
749 2215 928 2254 Numidae
958 2223 1174 2253 tenuerunt.
1230 2215 1347 2252 Varia
1372 2215 1435 2251 ad-

148 2272 308 2309 hortatio
327 2279 407 2308 erat
426 2271 465 2307 in
485 2270 655 2307 exercitu
676 2270 771 2306 inter
804 2276 856 2306 tot
889 2269 1074 2316 homines,
1107 2269 1243 2317 quibus
1267 2281 1343 2304 non
1365 2267 1435 2304 lin-

148 2337 235 2374 gua,
256 2337 332 2361 non
353 2336 445 2367 mos,
476 2336 551 2360 non
581 2321 653 2369 lex,
673 2335 750 2359 non
779 2334 893 2364 arma,
914 2334 992 2358 non
1013 2321 1168 2358 vestitus
1195 2320 1432 2368 habitusque,

148 2390 224 2414 non
245 2389 360 2413 causa
388 2375 575 2413 militandi
604 2375 737 2412 eadem
757 2381 867 2411 esset.
925 2374 1185 2410 Auxiliaribus
1213 2381 1251 2409 et
1269 2384 1434 2421 praesens
1447 2381 1478 2406 40

149 2437 186 2467 et
206 2429 455 2478 multiplicata
484 2440 631 2464 merces
660 2440 707 2465 ex
738 2427 861 2476 praeda
890 2434 1122 2464 ostentatur:
1169 2425 1268 2463 Galli
1289 2425 1435 2473 proprio

150 2489 261 2531 atque
282 2482 394 2520 insito
413 2482 451 2519 in
472 2480 668 2518 Romanos
687 2480 773 2517 odio
795 2479 1054 2517 accenduntur
1071 2493 1079 2516 ε
1109 2477 1313 2528 Liguribus
1333 2488 1434 2513 cam-
