1617 2765
616 172 756 203 LIBER
780 172 823 202 11.
869 181 950 203 CAP.
976 182 1089 203 xxxxi.
1430 175 1481 212 75

192 268 368 306 “frustra
386 267 546 304 dictator
575 279 651 304 ero.
709 266 920 303 Discordiae
954 267 1156 312 intestinae,
1187 267 1326 304 bellum
1361 276 1481 306 exter-

192 324 340 367 “num‚
362 320 502 363 fecere,
530 327 570 356 ut
600 320 672 356 hoc
702 319 924 368 magistratu
957 327 1087 369 egeret
1120 320 1344 368 respublica.
1403 322 1480 358 Pax

192 376 215 396 “
235 373 322 410 soris
341 379 447 421 parta
468 379 551 416 est3
599 372 700 408 domi
732 372 955 420 impeditur:
1003 373 1168 421 privatus
1198 372 1334 420 potius,
1369 375 1479 421 qnam

191 428 215 449 ‘⁴
233 426 406 471 dictator,
436 425 612 461 seditioni
641 425 846 461 interero.''
904 425 973 472 Ita,
1008 425 1112 461 curi-i
1141 437 1329 473 egressuS,
1364 427 1485 462 dieta-

163 479 273 516 ⁵tura
307 490 348 514 se
383 477 584 513 abdicavit.
642 477 829 526 Apparuit
848 473 965 513 causa
992 477 1106 526 plebi,
1137 473 1250 513 suam'
1275 477 1396 513 vicem
1428 479 1485 514 in-

191 531 414 580 dignantem
445 530 664 578 magistratu
695 529 840 566 abisse:
870 530 1009 578 itaque,
1040 530 1142 566 velut
1169 529 1357 578 persoluta
1394 530 1483 575 fide,

190 583 368 632 quoniam
388 595 454 631 per
480 595 567 618 eum
599 595 675 619 non
704 582 880 625 stetisset,
912 583 1001 630 quin
1023 590 1274 631 praestaretur,
1295 583 1485 619 deceden-

190 643 266 673 tem
288 636 443 672 domum
463 647 553 671 cum
574 634 697 672 favore
718 647 763 671 ac
783 635 959 671 laudibus
974 635 1164 684 prosecuti
1185 642 1287 672 sunt.

242 740 420 777 XXXII.
459 740 593 777 Timor
624 740 712 777 inde
742 740 872 777 Patres
901 740 1070 787 incessit,
1090 753 1152 784 ne,
1173 740 1203 777 si
1224 740 1401 777 dimissus
1421 753 1481 777 ex-

146 817 178 844 10
191 793 333 830 ercitus
354 793 459 836 foret,
481 806 610 829 rursus
631 801 751 829 coetus
773 793 913 830 occulti
944 793 1299 842 conjurationesque
1327 793 1481 830 fierent:

191 846 330 894 itaque,
360 858 586 894 quamquam
616 858 681 894 per
715 846 936 882 dictatorem
975 846 1145 882 delectus
1184 846 1334 882 habitus
1370 853 1482 893 esset,

192 909 332 943 tamen,
366 898 543 945 quoniam
574 898 613 934 in
640 898 839 934 consulum
874 898 987 934 verba
1012 898 1215 947 jursissent‚
1245 906 1483 936 sacramento

190 951 312 987 teneri
342 950 499 986 militem
529 950 611 992 rati,
658 962 725 998 per
754 962 908 986 causam
940 951 1105 986 renovati
1146 951 1192 986 ab
1229 951 1366 998 AEquis
1395 950 1481 987 belli

191 1002 304 1039 educi
325 1014 372 1038 ex
391 1002 482 1038 urbe
516 1001 686 1051 legiones
702 1002 870 1051 jussere:
909 1015 983 1050 quo
1016 1002 1115 1039 sacto
1145 1010 1332 1039 maturata
1351 1010 1407 1039 est
1427 1015 1483 1039 se-

145 1064 176 1089 15
191 1055 294 1092 ditio.
352 1054 402 1090 Et
431 1053 557 1103 primo
591 1055 772 1103 agitatum
803 1055 942 1091 dicitur
971 1055 1018 1091 de
1056 1055 1256 1091 consulum
1294 1055 1411 1100 caede,
1444 1064 1482 1092 ut

189 1107 424 1144 solverentur
459 1115 721 1144 sacramento:
770 1107 901 1144 doctos
948 1103 1109 1153 deinde,⁴
1148 1107 1290 1144 nullam
1337 1107 1482 1144 scelere

188 1160 411 1209 religionem
433 1159 587 1202 exsolvi,
609 1159 757 1196 Sicinio
786 1160 948 1208 quodam
982 1168 1149 1206 auctore,
1182 1160 1326 1209 injussu
1347 1173 1481 1197 eonsu-

188 1212 267 1251 lum
289 1213 327 1249 in
349 1213 509 1249 Sacrum
529 1219 698 1249 montem
728 1213 930 1249 secessisse
965 1212 1086 1261 (trans
1117 1213 1309 1249 Anienem
1331 1225 1480 1249 amnem

188 1272 257 1310 est,
277 1265 349 1302 tria
369 1265 416 1301 ab
437 1265 528 1301 urbe
550 1265 667 1301 millia
686 1266 896 1315 passuum.)
954 1265 1012 1301 Ea
1032 1265 1262 1313 frequentior
1293 1265 1392 1301 fama
1411 1273 1480 1308 est,

142 1317 317 1366 mquam,
338 1318 448 1367 cujus
468 1317 555 1354 Piso
575 1324 706 1354 auctor
725 1325 793 1363 est,
815 1318 853 1354 in
874 1317 1109 1354 Aventinum
1131 1317 1386 1354 secessionem
1406 1317 1481 1354 fac-

187 1377 264 1407 tam
284 1383 378 1407 esse.
434 1369 506 1413 Ibi,
540 1370 622 1407 sine
652 1370 727 1407 ullo
761 1370 872 1417 duce,
902 1370 998 1407 vallo
1032 1370 1205 1418 fossaque
1235 1370 1479 1407 communitis

187 1423 334 1467 castris,
368 1422 499 1471 quieti,
537 1435 615 1459 rem
654 1423 810 1470 nullam,
850 1423 923 1460 nisi
963 1423 1216 1459 necessariam
1246 1423 1293 1459 ad
1324 1423 1479 1469 vietum,

186 1476 384 1522 sumendo,
404 1488 471 1524 per
490 1475 629 1523 aliquot
647 1476 742 1519 dies,
763 1489 886 1524 neque
905 1476 1071 1512 lacessiti
1091 1488 1213 1524 neque
1232 1475 1478 1518 lacessentes,

186 1541 269 1565 sese
290 1530 457 1566 tenuere.
514 1527 633 1565 Pavor
663 1524 800 1577 ingens
830 1529 869 1565 in
899 1529 1004 1574 urbe,
1039 1535 1216 1576 metuque
1250 1535 1382 1564 mutuo
1402 1541 1481 1564 sus-

141 1591 306 1630 25pensa
333 1588 442 1618 erant
459 1581 599 1617 omnia.
656 1580 814 1617 Timere
844 1581 977 1618 relicta
1006 1581 1052 1617 ab
1073 1581 1150 1617 suis
1181 1580 1310 1629 plebes
1340 1579 1481 1617 violen-

189 1633 280 1670 tiam
300 1632 468 1676 Patrum,
489 1634 622 1670 timere
643 1633 774 1670 Patres
794 1634 956 1670 residem
977 1633 1015 1670 in
1037 1633 1128 1669 urbe
1149 1633 1311 1681 plebem,
1333 1632 1480 1676 incerti,

189 1698 343 1722 manere
363 1698 448 1722 eam
482 1699 529 1722 an
564 1686 667 1722 abire
701 1686 867 1722 mallent.
924 1685 1097 1725 “Quam
1131 1686 1196 1721 diu
1226 1692 1352 1722 autem
1382 1693 1482 1721 tran-

189 1737 395 1786 “quillaim
415 1751 499 1786 quae
520 1738 731 1784 secesserit,
752 1738 1036 1775 multitudinem
1058 1738 1161 1774 fore?
1202 1738 1291 1785 quid
1313 1737 1481 1774 futurum

189 1794 213 1814 “
230 1790 383 1837 deinde,
403 1791 433 1827 si
453 1791 551 1838 quod
574 1798 772 1827 externum
795 1791 945 1827 interim
966 1790 1105 1827 bellum
1126 1790 1290 1826 existat?
1338 1790 1480 1826 nullam

131 1845 213 1880 .3ο“
226 1841 406 1892 profecto,
427 1843 500 1879 nisi
520 1843 558 1879 in
579 1843 783 1880 concordia
803 1843 958 1890 civium,
979 1856 1083 1891 spem
1106 1842 1288 1891 reliquam
1312 1843 1452 1879 ducere
1471 1855 1479 1878 ε

186 1897 211 1918 “
224 1908 307 1932 eam
328 1908 394 1944 per
414 1907 533 1944 aequa,
566 1908 632 1944 per
652 1896 794 1944 iniqua,
827 1896 1149 1932 reconciliandam
1181 1895 1325 1931 civitati
1356 1896 1478 1931 esse.’'

187 1948 336 1986 Placuit
356 1948 470 1998 igitur
497 1955 682 1984 oratorem
713 1948 760 1984 ad
788 1947 938 1996 plebem
972 1948 1068 1984 mitti
1089 1947 1314 1984 Menenium
1338 1947 1476 1996 Agrip-

186 2013 288 2050 pam,
316 2000 523 2038 facundum
558 2000 692 2044 virum,
727 2008 766 2037 et
789 1999 905 2050 (qued
938 2001 1027 2037 inde
1057 2001 1242 2037 oriundus
1260 1999 1358 2051 erat.)
1382 2000 1480 2048 plebi

187 2065 332 2091 carum.
389 2053 442 2097 Is,
481 2053 718 2090 intromissus
753 2053 789 2090 in
822 2062 958 2099 castra,
989 2054 1114 2102 prisco
1151 2053 1215 2090 illo
1252 2051 1406 2089 dicendi
1443 2060 1481 2089 et

143 2106 338 2144 ashorrido
375 2106 500 2149 modo,
547 2106 643 2142 nihil
691 2105 806 2152 aliud,
845 2106 958 2154 quam
998 2107 1083 2151 lioc,
1122 2107 1294 2142 narrasse
1342 2105 1482 2142 fertur:

189 2162 213 2182 “
226 2158 432 2208 Tempore,
452 2158 584 2207 quoin
609 2159 762 2195 homine
795 2171 886 2205 non,
918 2166 959 2195 ut
992 2171 1109 2202 nunc,
1143 2158 1273 2195 onmia
1302 2158 1340 2194 in
1363 2170 1479 2194 unum

189 2211 545 2255 “consentiebant3
589 2211 656 2247 sed
689 2211 850 2260 singulis
880 2211 1058 2248 membris
1083 2223 1194 2247 suum
1225 2210 1362 2259 cuique
1391 2223 1480 2247 con-

190 2264 213 2285 ²‘
227 2262 365 2309 silium,
385 2276 475 2300 suus
494 2276 618 2300 sermo
647 2263 781 2307 fuerat,
816 2264 1033 2313 indignatas
1062 2264 1224 2311 reliquas
1254 2271 1392 2312 pa1·teS‚
1413 2264 1480 2299 sua

189 2316 332 2358 “curm
352 2327 420 2352 suo
438 2316 565 2353 labore
586 2329 631 2353 ac
661 2317 882 2362 ministerio,
915 2317 1034 2353 ventri
1055 2317 1184 2353 omnia
1203 2316 1320 2364 quaeri
1339 2330 1347 2350 :
1392 2328 1480 2351 ven-

143 2370 333 2412 4o“trem‚
355 2367 393 2403 in
414 2368 538 2405 medio
556 2369 738 2416 quietum,
760 2369 854 2405 nihil
885 2369 1000 2416 aliud,
1030 2370 1141 2417 quam
1162 2368 1262 2405 datis
1281 2366 1479 2415 voluptati-

189 2424 214 2443 “
227 2419 297 2456 bus
325 2419 420 2456 frui:
467 2421 701 2468 conspirasse
734 2422 836 2465 inde,
867 2435 915 2458 ne
937 2435 1072 2458 manus
1093 2422 1139 2457 ad
1173 2434 1214 2458 os
1246 2421 1373 2457 cibum
1408 2418 1477 2454 ser-

189 2475 321 2519 “rent,
360 2484 433 2509 nec
469 2485 510 2509 os
547 2473 737 2523 acciperet
774 2474 915 2521 datum,
955 2487 1028 2511 nec
1069 2475 1202 2510 dentes
1233 2472 1478 2509 conficerent.
